2047 3637
159 159 282 216 772
885 161 1210 203 curra-us
1450 168 1501 209 4„

163 308 480 391 Pimplam
544 308 937 366 ‹sarit-ornem
987 296 1255 358 laudavi.
1315 327 1401 342 --
1455 293 1809 367 Fabricius,
1866 292 1933 354 in
2033 312 2038 340 *-

162 410 508 489 Systemate
544 401 880 486 Speciebus
920 409 983 458 et
1016 395 1349 466 Mantissa,
1398 407 1935 478 compunctorem‚

161 507 241 567 ad
301 518 484 587 quem
542 500 729 560 etiam
791 495 1016 556 Linnei
1074 506 1593 576 compunctorem
1658 492 1931 564 adhibet,

160 601 494 685 descripsit
520 597 782 680 nigrum,
831 616 939 655 ore
965 593 1356 676 pedibusque
1383 591 1553 664 rufi8,
1600 589 1935 651 abdomine

159 701 469 785 petiolato
498 695 875 777 (secundum
901 693 1210 753 Linneum
1250 690 1453 751 sessili
1477 702 1587 751 aut
1613 687 1936 771 subpetio-

158 801 356 881 lato);
415 798 482 858 in
530 793 976 876 Entomologia
1026 804 1092 852 et
1137 791 1483 872 Systemate
1540 789 1936 850 Piezatorum

163 898 413 958 additur
459 895 716 955 aculeus
766 891 1098 952 abdomine
1141 890 1414 951 brevior.
1507 886 1936 949 Nihilominus
2037 963 2047 977 ἱ

161 995 486 1058 Fabricius
526 991 602 1057 ad
639 990 800 1051 hanc
837 990 1112 1073 speciem
1148 988 1363 1048 laudat
1388 986 1728 1048 Schaefferi
1761 988 1933 1047 Icon.

161 1097 286 1157 tab.
318 1099 427 1165 49,
475 1094 575 1173 fig.
605 1089 928 1170 4‚(aculeo
948 1110 1214 1171 corpore
1237 1088 1369 1148 fere
1393 1087 1591 1169 duplo
1615 1084 1937 1167 longiore)

163 1206 228 1255 et
263 1190 578 1254 Geoffroii
615 1190 789 1250 Ichn.
833 1212 892 1249 n.
923 1194 987 1259 6,
1037 1209 1174 1269 pag,
1209 1191 1334 1250 324
1368 1186 1623 1266 (aculeo
1658 1183 1940 1265 longitu-

164 1293 310 1353 dine
347 1287 696 1371 corporis);
743 1299 869 1347 tres
915 1308 1063 1368 ergo
1101 1285 1342 1368 species
1391 1282 1750 1353 confundit,
1797 1302 1939 1340 nam

164 1392 311 1450 icon
345 1385 684 1448 Schaefferi
723 1384 980 1445 exhibet
1014 1397 1294 1444 nostrum
1334 1385 1760 1464 Mesoleptum
1796 1382 1938 1459 gla-

167 1488 521 1556 diatorem,
577 1483 968 1543 Ichneumon
1028 1482 1342 1541 Geoffroii
1399 1495 1606 1540 autem
1662 1491 1937 1539 nostram

164 1588 571 1647 Lissonotam
628 1592 923 1641 setosam.
1035 1580 1196 1638 Cum
1253 1578 1432 1639 Ichn.
1493 1590 1941 1659 comp-anctore

166 1681 440 1744 Fabricii
475 1691 831 1761 congruunt
867 1676 1151 1760 ejusdem
1187 1675 1456 1737 nominis
1482 1675 1941 1736 I-chneumones

165 1783 331 1867 apud
355 1779 896 1849 Cederhielmum,
944 1799 1005 1860 p.
1043 1784 1181 1850 160,
1233 1800 1289 1838 n.
1321 1780 1475 1848 494,
1522 1773 1942 1836 Walckenae-

163 1905 319 1954 rum,
360 1902 420 1963 p.
450 1886 549 1952 60,
587 1903 645 1940 n.
678 1880 778 1950 55,
818 1877 1228 1937 Latreilleum
1262 1877 1469 1936 Crust.
1497 1874 1672 1934 XIII.
1702 1895 1763 1955 p.
1800 1879 1938 1943 182,

169 1996 232 2044 et
266 1983 320 2042 T
324 1979 770 2060 hunbergium,
819 2001 877 2037 n.
920 1982 1064 2041 430.
1111 2011 1199 2022 —--
1245 1974 1417 2067 Quid
1451 1973 1532 2034 sit
1567 1972 1743 2035 Ichn.
1775 1995 1944 2034 com-

165 2094 442 2165 punctor
487 2077 748 2139 Miilleri
795 2076 1114 2137 Prodrom.
1155 2083 1212 2134 n.
1261 2080 1453 2145 1810,
1500 2095 1534 2132 e
1579 2071 1756 2132 brevi
1805 2071 1943 2153 ejus

167 2177 621 2261 descriptione,
669 2176 863 2237 nullis
907 2174 1133 2235 addit-is
1172 2172 1412 2244 citatiS,
1461 2171 1626 2232 haud
1660 2171 1943 2231 divinare

167 2301 440 2363 possum.
500 2313 582 2323 -—
634 2277 812 2338 Ichn.
863 2285 1280 2356 compunctor
1322 2272 1646 2351 Fourcroy
1692 2291 1754 2351 Ρ.
1797 2261 1940 2341 395,

170 2401 230 2438 n.
261 2385 329 2449 8,
378 2389 474 2437 est
502 2374 816 2435 Geoffroii
852 2371 1026 2432 Ichn.
1058 2394 1115 2431 n.
1148 2378 1213 2442 8,
1262 2391 1324 2451 p.
1357 2372 1511 2442 325,
1559 2369 1725 2429 idem
1755 2389 1943 2450 quem

170 2497 285 2558 ego
318 2474 394 2534 ad
428 2474 747 2557 Pimplam
791 2476 1236 2552 instigatorem
1287 2468 1642 2553 (Cryptum
1680 2473 1946 2548 instiga-

171 2587 372 2637 torem
398 2573 617 2653 Fabr.)
656 2571 890 2652 redegi.
985 2569 1231 2630 Olivier
1255 2588 1400 2628 eum
1426 2568 1640 2628 laudat
1665 2567 1740 2627 ad
1762 2566 1940 2628 John.

155 2677 635 2758 fornicatorem
662 2690 723 2753 Ρ.
759 2677 898 2744 189,
946 2693 1006 2730 n.
1043 2675 1184 2732 126.
1276 2666 1598 2728 Ichneum.
1627 2666 1942 2728 Geoffroii

171 2796 230 2832 n.
263 2779 330 2845 6,
378 2794 564 2856 quem
591 2769 848 2855 plurimi
885 2782 1170 2831 auctores
1197 2767 1273 2828 ad
1300 2778 1809 2850 compunctorem
1838 2767 1944 2825 ad-

171 2871 424 2945 hibent,
472 2872 522 2932 F
527 2891 797 2952 ourcroy
825 2868 1077 2930 nomine
1116 2868 1293 2929 lehn.
1330 2871 1525 2928 setosi
1548 2865 1818 2938 notavit,
1865 2867 1944 2927 de

171 2991 298 3052 quo
336 2969 621 3032 conferas
658 2990 819 3054 quae
855 2966 981 3049 jam
1015 2967 1090 3027 ad
1121 2964 1395 3026 Fabricii
1429 2955 1944 3047 compunctorem

171 3069 406 3129 monui.
456 3104 544 3118 --—
585 3067 874 3138 Gmelin,
920 3066 988 3127 in
1018 3066 1117 3128 ed.
1157 3063 1338 3124 Linn.
1387 3080 1448 3146 Ρ.
1488 3069 1689 3137 2691,
1737 3088 1795 3126 n.
1839 3074 1941 3138 33,

174 3178 343 3226 tacet
389 3169 645 3229 omnino
683 3169 761 3230 de
805 3167 1031 3228 aculeo
1077 3168 1583 3248 compunctoris,·
1627 3176 1943 3225 caeterum

178 3277 414 3335 autem,
460 3267 572 3325 sub
614 3248 830 3326 eadem
870 3264 1107 3348 specie,
1157 3272 1666 3348 compunctorem
1717 3263 1940 3327 Linnei
2028 3264 2029 3267 ’
