<?xml version="1.0" encoding="UTF-8"?>
<!DOCTYPE html PUBLIC "-//W3C//DTD XHTML 1.0 Transitional//EN"
    "http://www.w3.org/TR/xhtml1/DTD/xhtml1-transitional.dtd">
<html xmlns="http://www.w3.org/1999/xhtml" xml:lang="en" lang="en">
 <head>
  <title>
</title>
<meta http-equiv="Content-Type" content="text/html;charset=utf-8" />
  <meta name='ocr-system' content='tesseract 3.04.00' />
  <meta name='ocr-capabilities' content='ocr_page ocr_carea ocr_par ocr_line ocrx_word'/>
</head>
<body>
  <div class='ocr_page' id='page_1' title='image "./ichneumonologiae02grav/ichneumonologiae02grav_0770.png"; bbox 0 0 2047 3637; ppageno 0'>
   <div class='ocr_carea' id='block_1_1' title="bbox 161 170 1203 229">
    <p class='ocr_par' dir='ltr' id='par_1_1' title="bbox 161 170 1203 229">
     <span class='ocr_line' id='line_1_1' title="bbox 161 170 1203 229; baseline -0.009 0"><span class='ocrx_word' id='word_1_1' title='bbox 161 170 286 229; x_wconf 70' lang='lat'>762</span> <span class='ocrx_word' id='word_1_2' title='bbox 877 179 1203 228; x_wconf 57' lang='lat' dir='ltr'>carmus</span> 
     </span>
    </p>
   </div>
   <div class='ocr_carea' id='block_1_2' title="bbox 255 313 2021 397">
    <p class='ocr_par' dir='ltr' id='par_1_2' title="bbox 255 313 2021 397">
     <span class='ocr_line' id='line_1_2' title="bbox 255 313 2021 397; baseline 0 -23"><span class='ocrx_word' id='word_1_3' title='bbox 255 320 492 380; x_wconf 67' lang='lat' dir='ltr'>,Mares</span> <span class='ocrx_word' id='word_1_4' title='bbox 529 329 593 379; x_wconf 81' lang='lat' dir='ltr'>et</span> <span class='ocrx_word' id='word_1_5' title='bbox 624 314 923 385; x_wconf 82' lang='lat' dir='ltr'>feminae,</span> <span class='ocrx_word' id='word_1_6' title='bbox 973 313 1138 374; x_wconf 87' lang='lat' dir='ltr'>circa</span> <span class='ocrx_word' id='word_1_7' title='bbox 1215 313 1711 397; x_wconf 77' lang='lat' dir='ltr'>Norirnbergam</span> <span class='ocrx_word' id='word_1_8' title='bbox 1741 358 1749 362; x_wconf 93' lang='lat'><em>-</em></span> <span class='ocrx_word' id='word_1_9' title='bbox 1780 315 1937 381; x_wconf 66' lang='lat' dir='ltr'>Vinr-</span> <span class='ocrx_word' id='word_1_10' title='bbox 2013 321 2021 327; x_wconf 82' lang='lat'><em>&#39;</em></span> 
     </span>
    </p>
   </div>
   <div class='ocr_carea' id='block_1_3' title="bbox 2011 0 2047 467">
    <p class='ocr_par' dir='ltr' id='par_1_3' title="bbox 2011 0 2047 467">
     <span class='ocr_line' id='line_1_3' title="bbox 2011 0 2047 467; baseline 0 3170"><span class='ocrx_word' id='word_1_11' title='bbox 2011 0 2047 467; x_wconf 95' lang='lat' dir='ltr'> </span> 
     </span>
    </p>
   </div>
   <div class='ocr_carea' id='block_1_4' title="bbox 154 410 2047 503">
    <p class='ocr_par' dir='ltr' id='par_1_4' title="bbox 154 410 2047 503">
     <span class='ocr_line' id='line_1_4' title="bbox 154 410 2047 503; baseline -0.003 -21"><span class='ocrx_word' id='word_1_12' title='bbox 154 417 476 487; x_wconf 80' lang='lat' dir='ltr'>dobonam</span> <span class='ocrx_word' id='word_1_13' title='bbox 524 413 590 477; x_wconf 75' lang='lat' dir='ltr'>et¹</span> <span class='ocrx_word' id='word_1_14' title='bbox 643 414 931 475; x_wconf 80' lang='lat' dir='ltr'><em>Genuam</em></span> <span class='ocrx_word' id='word_1_15' title='bbox 982 412 1185 497; x_wconf 84' lang='lat' dir='ltr'>capti,</span> <span class='ocrx_word' id='word_1_16' title='bbox 1254 414 1598 496; x_wconf 79' lang='lat' dir='ltr'>pluresque</span> <span class='ocrx_word' id='word_1_17' title='bbox 1641 410 1936 503; x_wconf 79' lang='lat' dir='ltr'>feminae,</span> <span class='ocrx_word' id='word_1_18' title='bbox 2022 434 2047 498; x_wconf 35' lang='grc' dir='ltr'>’Σ</span> 
     </span>
    </p>
   </div>
   <div class='ocr_carea' id='block_1_5' title="bbox 150 512 1936 1189">
    <p class='ocr_par' dir='ltr' id='par_1_5' title="bbox 150 512 1936 1189">
     <span class='ocr_line' id='line_1_5' title="bbox 159 512 1926 596; baseline -0.001 -19"><span class='ocrx_word' id='word_1_19' title='bbox 159 517 226 594; x_wconf 82' lang='lat' dir='ltr'>in</span> <span class='ocrx_word' id='word_1_20' title='bbox 261 517 314 577; x_wconf 92' lang='lat' dir='ltr'><em>S</em></span> <span class='ocrx_word' id='word_1_21' title='bbox 319 519 530 586; x_wconf 79' lang='lat' dir='ltr'>ilesia,</span> <span class='ocrx_word' id='word_1_22' title='bbox 579 534 692 573; x_wconf 91' lang='lat' dir='ltr'>nec</span> <span class='ocrx_word' id='word_1_23' title='bbox 725 534 852 573; x_wconf 87' lang='lat' dir='ltr'>non</span> <span class='ocrx_word' id='word_1_24' title='bbox 887 512 1054 573; x_wconf 89' lang='lat' dir='ltr'>circa</span> <span class='ocrx_word' id='word_1_25' title='bbox 1089 513 1335 596; x_wconf 76' lang='lat' dir='ltr'>Niesky</span> <span class='ocrx_word' id='word_1_26' title='bbox 1369 524 1433 572; x_wconf 82' lang='lat' dir='ltr'>et</span> <span class='ocrx_word' id='word_1_27' title='bbox 1456 512 1926 587; x_wconf 78' lang='grc' dir='ltr'>Ηαηηονεναιη,</span> 
     </span>
     <span class='ocr_line' id='line_1_6' title="bbox 154 611 1933 696; baseline -0.001 -22"><span class='ocrx_word' id='word_1_28' title='bbox 154 616 385 696; x_wconf 78' lang='lat' dir='ltr'>lectae,</span> <span class='ocrx_word' id='word_1_29' title='bbox 433 611 589 672; x_wconf 87' lang='lat' dir='ltr'>mihi</span> <span class='ocrx_word' id='word_1_30' title='bbox 623 611 970 673; x_wconf 83' lang='lat' dir='ltr'>transmissi</span> <span class='ocrx_word' id='word_1_31' title='bbox 1008 624 1170 672; x_wconf 81' lang='lat' dir='ltr'>sunt.</span> <span class='ocrx_word' id='word_1_32' title='bbox 1265 612 1407 692; x_wconf 88' lang='lat' dir='ltr'>Ipse</span> <span class='ocrx_word' id='word_1_33' title='bbox 1442 611 1585 692; x_wconf 86' lang='lat' dir='ltr'>cepi</span> <span class='ocrx_word' id='word_1_34' title='bbox 1628 633 1815 672; x_wconf 88' lang='lat' dir='ltr'>unam</span> <span class='ocrx_word' id='word_1_35' title='bbox 1840 613 1933 686; x_wconf 50' lang='lat' dir='ltr'>fef</span> 
     </span>
     <span class='ocr_line' id='line_1_7' title="bbox 150 708 1931 789; baseline -0.001 -17"><span class='ocrx_word' id='word_1_36' title='bbox 150 714 414 783; x_wconf 84' lang='lat' dir='ltr'>minam,</span> <span class='ocrx_word' id='word_1_37' title='bbox 463 731 675 771; x_wconf 85' lang='lat' dir='ltr'>mense</span> <span class='ocrx_word' id='word_1_38' title='bbox 712 711 898 770; x_wconf 88' lang='lat' dir='ltr'>Iunio</span> <span class='ocrx_word' id='word_1_39' title='bbox 939 710 1003 770; x_wconf 91' lang='lat' dir='ltr'>in</span> <span class='ocrx_word' id='word_1_40' title='bbox 1035 709 1286 770; x_wconf 74' lang='lat' dir='ltr'>frutetis</span> <span class='ocrx_word' id='word_1_41' title='bbox 1313 708 1482 769; x_wconf 79' lang='lat' dir='ltr'>horti</span> <span class='ocrx_word' id='word_1_42' title='bbox 1511 710 1931 789; x_wconf 56' lang='lat' dir='ltr'>Barterodaa</span> 
     </span>
     <span class='ocr_line' id='line_1_8' title="bbox 153 809 1936 893; baseline 0.001 -23"><span class='ocrx_word' id='word_1_43' title='bbox 153 814 230 876; x_wconf 89' lang='lat' dir='ltr'>In</span> <span class='ocrx_word' id='word_1_44' title='bbox 258 810 448 893; x_wconf 81' lang='lat' dir='ltr'>sylvis</span> <span class='ocrx_word' id='word_1_45' title='bbox 485 809 852 875; x_wconf 82' lang='lat' dir='ltr'>elatioribus</span> <span class='ocrx_word' id='word_1_46' title='bbox 881 810 1047 870; x_wconf 87' lang='lat' dir='ltr'>circa</span> <span class='ocrx_word' id='word_1_47' title='bbox 1071 810 1353 870; x_wconf 75' lang='lat' dir='ltr'>Bautzen</span> <span class='ocrx_word' id='word_1_48' title='bbox 1379 821 1444 869; x_wconf 77' lang='lat' dir='ltr'>et</span> <span class='ocrx_word' id='word_1_49' title='bbox 1478 812 1566 871; x_wconf 87' lang='lat' dir='ltr'><em>W</em></span> <span class='ocrx_word' id='word_1_50' title='bbox 1563 809 1936 882; x_wconf 81' lang='lat' dir='ltr'>armbrunn,</span> 
     </span>
     <span class='ocr_line' id='line_1_9' title="bbox 160 906 1935 990; baseline -0.001 -20"><span class='ocrx_word' id='word_1_51' title='bbox 160 931 374 984; x_wconf 84' lang='lat' dir='ltr'>:mense</span> <span class='ocrx_word' id='word_1_52' title='bbox 423 909 637 981; x_wconf 88' lang='lat' dir='ltr'>Iuni0‚</span> <span class='ocrx_word' id='word_1_53' title='bbox 697 908 778 970; x_wconf 83' lang='lat' dir='ltr'>ab</span> <span class='ocrx_word' id='word_1_54' title='bbox 829 907 1159 971; x_wconf 78' lang='lat' dir='ltr'>Uechtritz</span> <span class='ocrx_word' id='word_1_55' title='bbox 1206 907 1504 990; x_wconf 89' lang='lat' dir='ltr'>quasdam</span> <span class='ocrx_word' id='word_1_56' title='bbox 1548 906 1814 969; x_wconf 86' lang='lat' dir='ltr'>feminas</span> <span class='ocrx_word' id='word_1_57' title='bbox 1871 909 1935 968; x_wconf 83' lang='lat' dir='ltr'>in</span> 
     </span>
     <span class='ocr_line' id='line_1_10' title="bbox 158 1006 1936 1090; baseline 0 -21"><span class='ocrx_word' id='word_1_58' title='bbox 158 1007 519 1069; x_wconf 78' lang='lat' dir='ltr'>umbellatis</span> <span class='ocrx_word' id='word_1_59' title='bbox 551 1008 727 1090; x_wconf 80' lang='lat' dir='ltr'>legit.</span> <span class='ocrx_word' id='word_1_60' title='bbox 821 1009 1028 1069; x_wconf 87' lang='lat' dir='ltr'>Mares</span> <span class='ocrx_word' id='word_1_61' title='bbox 1066 1007 1368 1090; x_wconf 88' lang='lat' dir='ltr'>quosdam</span> <span class='ocrx_word' id='word_1_62' title='bbox 1396 1006 1475 1069; x_wconf 82' lang='lat' dir='ltr'>de</span> <span class='ocrx_word' id='word_1_63' title='bbox 1500 1008 1701 1078; x_wconf 67' lang='lat' dir='ltr'>Bloch</span> <span class='ocrx_word' id='word_1_64' title='bbox 1733 1009 1936 1080; x_wconf 56' lang='lat' dir='ltr'>Drese·</span> 
     </span>
     <span class='ocr_line' id='line_1_11' title="bbox 153 1105 1678 1189; baseline -0.001 -19"><span class='ocrx_word' id='word_1_65' title='bbox 153 1107 280 1176; x_wconf 75' lang='lat' dir='ltr'>,dae</span> <span class='ocrx_word' id='word_1_66' title='bbox 318 1105 608 1169; x_wconf 82' lang='lat' dir='ltr'>educavit</span> <span class='ocrx_word' id='word_1_67' title='bbox 649 1129 683 1168; x_wconf 91' lang='lat' dir='ltr'>e</span> <span class='ocrx_word' id='word_1_68' title='bbox 721 1107 910 1174; x_wconf 80' lang='lat' dir='ltr'>larvis</span> <span class='ocrx_word' id='word_1_69' title='bbox 956 1105 1289 1189; x_wconf 86' lang='lat' dir='ltr'>Bombycis</span> <span class='ocrx_word' id='word_1_70' title='bbox 1345 1106 1678 1168; x_wconf 76' lang='lat' dir='ltr'><strong>neustriae.</strong></span> 
     </span>
    </p>
   </div>
   <div class='ocr_carea' id='block_1_6' title="bbox 799 1358 1284 1420">
    <p class='ocr_par' dir='ltr' id='par_1_6' title="bbox 799 1358 1284 1420">
     <span class='ocr_line' id='line_1_12' title="bbox 799 1358 1284 1420; baseline -0.002 -1"><span class='ocrx_word' id='word_1_71' title='bbox 799 1358 1284 1420; x_wconf 84' lang='lat' dir='ltr'>Varietates:</span> 
     </span>
    </p>
   </div>
   <div class='ocr_carea' id='block_1_7' title="bbox 153 1488 1934 1876">
    <p class='ocr_par' dir='ltr' id='par_1_7' title="bbox 155 1488 1931 1677">
     <span class='ocr_line' id='line_1_13' title="bbox 293 1488 1931 1582; baseline -0.001 -24"><span class='ocrx_word' id='word_1_72' title='bbox 293 1504 346 1558; x_wconf 89' lang='lat'>1.</span> <span class='ocrx_word' id='word_1_73' title='bbox 392 1498 622 1558; x_wconf 79' lang='lat' dir='ltr'>Tarsis</span> <span class='ocrx_word' id='word_1_74' title='bbox 653 1502 921 1579; x_wconf 80' lang='lat' dir='ltr'>posticis</span> <span class='ocrx_word' id='word_1_75' title='bbox 958 1488 1113 1560; x_wconf 56' lang='lat' dir='ltr'>tetis</span> <span class='ocrx_word' id='word_1_76' title='bbox 1130 1500 1364 1582; x_wconf 81' lang='lat' dir='ltr'>fuscis.</span> <span class='ocrx_word' id='word_1_77' title='bbox 1436 1497 1479 1559; x_wconf 83' lang='lat' dir='ltr'>f.</span> <span class='ocrx_word' id='word_1_78' title='bbox 1528 1531 1614 1544; x_wconf 92' lang='lat'>--</span> <span class='ocrx_word' id='word_1_79' title='bbox 1669 1498 1931 1558; x_wconf 79' lang='lat' dir='ltr'>Caetera</span> 
     </span>
     <span class='ocr_line' id='line_1_14' title="bbox 155 1593 1679 1677; baseline -0.001 -20"><span class='ocrx_word' id='word_1_80' title='bbox 155 1619 300 1657; x_wconf 83' lang='lat' dir='ltr'>cum</span> <span class='ocrx_word' id='word_1_81' title='bbox 335 1595 624 1677; x_wconf 84' lang='lat' dir='ltr'>plurimis</span> <span class='ocrx_word' id='word_1_82' title='bbox 660 1593 910 1655; x_wconf 84' lang='lat' dir='ltr'>feminis</span> <span class='ocrx_word' id='word_1_83' title='bbox 949 1595 1236 1676; x_wconf 82' lang='lat' dir='ltr'><strong>genuinis</strong></span> <span class='ocrx_word' id='word_1_84' title='bbox 1277 1596 1679 1677; x_wconf 82' lang='lat' dir='ltr'>conveniunt.</span> 
     </span>
    </p>

    <p class='ocr_par' dir='ltr' id='par_1_8' title="bbox 153 1691 1934 1876">
     <span class='ocr_line' id='line_1_15' title="bbox 282 1691 1934 1775; baseline 0.001 -23"><span class='ocrx_word' id='word_1_85' title='bbox 282 1696 456 1753; x_wconf 85' lang='lat' dir='ltr'>Hanc</span> <span class='ocrx_word' id='word_1_86' title='bbox 494 1691 821 1767; x_wconf 83' lang='lat' dir='ltr'>feminam,</span> <span class='ocrx_word' id='word_1_87' title='bbox 869 1714 1014 1753; x_wconf 90' lang='lat' dir='ltr'>cum</span> <span class='ocrx_word' id='word_1_88' title='bbox 1041 1693 1365 1754; x_wconf 88' lang='lat' dir='ltr'>nonnullis</span> <span class='ocrx_word' id='word_1_89' title='bbox 1396 1692 1704 1775; x_wconf 78' lang='lat' dir='ltr'>genuinis,</span> <span class='ocrx_word' id='word_1_90' title='bbox 1747 1693 1934 1756; x_wconf 79' lang='lat' dir='ltr'>Rich-</span> 
     </span>
     <span class='ocr_line' id='line_1_16' title="bbox 153 1792 1233 1876; baseline -0.004 -20"><span class='ocrx_word' id='word_1_91' title='bbox 153 1807 256 1865; x_wconf 78' lang='lat' dir='ltr'>ter</span> <span class='ocrx_word' id='word_1_92' title='bbox 300 1792 465 1852; x_wconf 84' lang='lat' dir='ltr'>circa</span> <span class='ocrx_word' id='word_1_93' title='bbox 519 1792 589 1855; x_wconf 89' lang='lat' dir='ltr'><em>V</em></span> <span class='ocrx_word' id='word_1_94' title='bbox 586 1795 993 1855; x_wconf 77' lang='lat' dir='ltr'>ratislaviam</span> <span class='ocrx_word' id='word_1_95' title='bbox 1042 1792 1233 1876; x_wconf 81' lang='lat' dir='ltr'>cepit.</span> 
     </span>
    </p>
   </div>
   <div class='ocr_carea' id='block_1_8' title="bbox 578 2047 803 2108">
    <p class='ocr_par' dir='ltr' id='par_1_9' title="bbox 578 2047 803 2108">
     <span class='ocr_line' id='line_1_17' title="bbox 578 2047 803 2108; baseline -0.004 -1"><span class='ocrx_word' id='word_1_96' title='bbox 578 2047 803 2108; x_wconf 79' lang='lat' dir='ltr'>Nota:</span> 
     </span>
    </p>
   </div>
   <div class='ocr_carea' id='block_1_9' title="bbox 152 2184 1931 2864">
    <p class='ocr_par' dir='ltr' id='par_1_10' title="bbox 152 2184 1931 2864">
     <span class='ocr_line' id='line_1_18' title="bbox 284 2184 1931 2270; baseline -0.004 -20"><span class='ocrx_word' id='word_1_97' title='bbox 284 2190 464 2250; x_wconf 88' lang='lat' dir='ltr'>Duos</span> <span class='ocrx_word' id='word_1_98' title='bbox 495 2186 686 2270; x_wconf 88' lang='lat' dir='ltr'>hujus</span> <span class='ocrx_word' id='word_1_99' title='bbox 724 2185 960 2270; x_wconf 81' lang='lat' dir='ltr'>speciei</span> <span class='ocrx_word' id='word_1_100' title='bbox 997 2207 1197 2248; x_wconf 88' lang='lat' dir='ltr'>mares</span> <span class='ocrx_word' id='word_1_101' title='bbox 1230 2186 1295 2246; x_wconf 89' lang='lat' dir='ltr'>in</span> <span class='ocrx_word' id='word_1_102' title='bbox 1319 2206 1536 2247; x_wconf 88' lang='lat' dir='ltr'>museo</span> <span class='ocrx_word' id='word_1_103' title='bbox 1562 2184 1828 2247; x_wconf 84' lang='lat' dir='ltr'>Comitis</span> <span class='ocrx_word' id='word_1_104' title='bbox 1855 2186 1931 2264; x_wconf 76' lang='lat' dir='ltr'>de</span> 
     </span>
     <span class='ocr_line' id='line_1_19' title="bbox 152 2271 1922 2370; baseline -0.001 -24"><span class='ocrx_word' id='word_1_105' title='bbox 152 2271 640 2368; x_wconf 82' lang='lat' dir='ltr'>Hoffmannsegg</span> <span class='ocrx_word' id='word_1_106' title='bbox 665 2286 779 2347; x_wconf 89' lang='lat' dir='ltr'>sub</span> <span class='ocrx_word' id='word_1_107' title='bbox 806 2285 1060 2347; x_wconf 88' lang='lat' dir='ltr'>nomine</span> <span class='ocrx_word' id='word_1_108' title='bbox 1096 2288 1395 2366; x_wconf 75' lang='lat' dir='ltr'>ligatoris</span> <span class='ocrx_word' id='word_1_109' title='bbox 1426 2284 1922 2370; x_wconf 66' lang='lat' dir='ltr'>asservabantur.</span> 
     </span>
     <span class='ocr_line' id='line_1_20' title="bbox 152 2384 1925 2462; baseline 0.001 -18"><span class='ocrx_word' id='word_1_110' title='bbox 152 2418 239 2430; x_wconf 79' lang='lat'>—-</span> <span class='ocrx_word' id='word_1_111' title='bbox 287 2385 630 2462; x_wconf 81' lang='lat' dir='ltr'>Quaeritur</span> <span class='ocrx_word' id='word_1_112' title='bbox 679 2396 888 2445; x_wconf 74' lang='lat' dir='ltr'>autem</span> <span class='ocrx_word' id='word_1_113' title='bbox 939 2406 1088 2443; x_wconf 89' lang='lat' dir='ltr'>num</span> <span class='ocrx_word' id='word_1_114' title='bbox 1147 2387 1388 2445; x_wconf 79' lang='lat' dir='ltr'>Bassus</span> <span class='ocrx_word' id='word_1_115' title='bbox 1433 2398 1699 2446; x_wconf 77' lang='lat' dir='ltr'>zonator</span> <span class='ocrx_word' id='word_1_116' title='bbox 1744 2386 1794 2443; x_wconf 91' lang='lat' dir='ltr'><strong>F</strong></span> <span class='ocrx_word' id='word_1_117' title='bbox 1799 2384 1925 2446; x_wconf 85' lang='lat' dir='ltr'>abr.</span> 
     </span>
     <span class='ocr_line' id='line_1_21' title="bbox 153 2481 1931 2566; baseline 0.001 -25"><span class='ocrx_word' id='word_1_118' title='bbox 153 2481 319 2543; x_wconf 87' lang='lat' dir='ltr'>Piez.</span> <span class='ocrx_word' id='word_1_119' title='bbox 370 2505 433 2566; x_wconf 90' lang='lat' dir='ltr'>p.</span> <span class='ocrx_word' id='word_1_120' title='bbox 497 2490 607 2556; x_wconf 86' lang='lat'>97,</span> <span class='ocrx_word' id='word_1_121' title='bbox 657 2506 716 2543; x_wconf 87' lang='lat' dir='ltr'>n.</span> <span class='ocrx_word' id='word_1_122' title='bbox 773 2486 850 2545; x_wconf 83' lang='lat'>14</span> <span class='ocrx_word' id='word_1_123' title='bbox 904 2482 1047 2562; x_wconf 85' lang='lat' dir='ltr'>(ubi</span> <span class='ocrx_word' id='word_1_124' title='bbox 1098 2484 1307 2544; x_wconf 83' lang='lat' dir='ltr'>autem</span> <span class='ocrx_word' id='word_1_125' title='bbox 1355 2483 1587 2543; x_wconf 86' lang='lat' dir='ltr'>coloris</span> <span class='ocrx_word' id='word_1_126' title='bbox 1641 2483 1802 2565; x_wconf 83' lang='lat' dir='ltr'>nigri</span> <span class='ocrx_word' id='word_1_127' title='bbox 1848 2482 1931 2542; x_wconf 83' lang='lat' dir='ltr'>ti-</span> 
     </span>
     <span class='ocr_line' id='line_1_22' title="bbox 152 2581 1929 2663; baseline -0.001 -22"><span class='ocrx_word' id='word_1_128' title='bbox 152 2581 398 2642; x_wconf 88' lang='lat' dir='ltr'>biarum</span> <span class='ocrx_word' id='word_1_129' title='bbox 430 2594 868 2663; x_wconf 82' lang='lat' dir='ltr'>tarsorumque</span> <span class='ocrx_word' id='word_1_130' title='bbox 894 2581 1281 2663; x_wconf 82' lang='lat' dir='ltr'>posticorum</span> <span class='ocrx_word' id='word_1_131' title='bbox 1302 2583 1475 2642; x_wconf 88' lang='lat' dir='ltr'>nulla</span> <span class='ocrx_word' id='word_1_132' title='bbox 1500 2583 1738 2652; x_wconf 72' lang='lat' dir='ltr'>mentio</span> <span class='ocrx_word' id='word_1_133' title='bbox 1766 2582 1929 2645; x_wconf 86' lang='lat' dir='ltr'>facta</span> 
     </span>
     <span class='ocr_line' id='line_1_23' title="bbox 153 2679 1923 2764; baseline -0.001 -23"><span class='ocrx_word' id='word_1_134' title='bbox 153 2681 282 2761; x_wconf 81' lang='lat' dir='ltr'>est)</span> <span class='ocrx_word' id='word_1_135' title='bbox 341 2682 417 2741; x_wconf 88' lang='lat' dir='ltr'>ad</span> <span class='ocrx_word' id='word_1_136' title='bbox 461 2680 623 2742; x_wconf 88' lang='lat' dir='ltr'>hanc</span> <span class='ocrx_word' id='word_1_137' title='bbox 669 2680 946 2764; x_wconf 81' lang='lat' dir='ltr'>speciem</span> <span class='ocrx_word' id='word_1_138' title='bbox 991 2679 1338 2742; x_wconf 90' lang='lat' dir='ltr'>adhibenda</span> <span class='ocrx_word' id='word_1_139' title='bbox 1407 2682 1515 2754; x_wconf 79' lang='lat' dir='ltr'>sit3</span> <span class='ocrx_word' id='word_1_140' title='bbox 1591 2682 1697 2742; x_wconf 89' lang='lat' dir='ltr'>sed</span> <span class='ocrx_word' id='word_1_141' title='bbox 1746 2679 1923 2745; x_wconf 79' lang='lat' dir='ltr'><strong><em>[clm.</em></strong></span> 
     </span>
     <span class='ocr_line' id='line_1_24' title="bbox 152 2778 1454 2864; baseline -0.001 -22"><span class='ocrx_word' id='word_1_142' title='bbox 152 2793 423 2864; x_wconf 57' lang='lat' dir='ltr'>aonator</span> <span class='ocrx_word' id='word_1_143' title='bbox 467 2780 715 2844; x_wconf 86' lang='lat' dir='ltr'>Thunb.</span> <span class='ocrx_word' id='word_1_144' title='bbox 767 2778 940 2842; x_wconf 88' lang='lat' dir='ltr'>Ichn.</span> <span class='ocrx_word' id='word_1_145' title='bbox 988 2803 1045 2841; x_wconf 90' lang='lat' dir='ltr'>n.</span> <span class='ocrx_word' id='word_1_146' title='bbox 1097 2787 1178 2844; x_wconf 89' lang='lat'>88</span> <span class='ocrx_word' id='word_1_147' title='bbox 1224 2780 1454 2843; x_wconf 82' lang='lat' dir='ltr'>differt.</span> 
     </span>
    </p>
   </div>
  </div>
 </body>
</html>
