2063 3653
623 156 786 197 ΒΑΜ.
838 143 918 208 ΙΙ,
971 155 1157 197 ssscT.
1211 156 1249 194 1.
1701 140 1823 199 463

59 317 202 379 pars
250 294 480 367 antica,
530 293 644 355 hac
693 292 1125 377 subquadrata.
1218 291 1500 354 Aculeus
1545 289 1825 372 corporis

60 395 475 476 longitudine.

189 492 477 552 Feminas
551 491 883 573 quasdam,
972 490 1137 550 circa
1216 490 1285 553 V
1282 489 1682 551 ratislaviam
1763 498 1828 547 et

66 588 500 652 Warmbrunn
547 603 787 671 capum,
836 589 1069 672 accepi.

703 845 1184 907 Varietates:

194 993 245 1048 1.
295 984 498 1047 Tibiis
521 991 786 1068 posticis
809 984 974 1066 rufis
1009 991 1190 1068 apice
1205 986 1423 1066 fusco,
1470 982 1514 1043 f.
1563 1018 1649 1030 --
1692 982 1830 1044 Me-

60 1084 235 1144 dium
269 1096 443 1145 tenet
482 1084 646 1144 inter
661 1087 1077 1165 furcatorem
1129 1084 1470 1163 genuinum
1505 1095 1569 1141 et
1605 1095 1832 1142 anato-

62 1188 245 1243 rium.
335 1182 617 1243 Statura
674 1194 738 1240 et
795 1181 1001 1240 aculei
1059 1180 1392 1260 longitudo
1450 1180 1834 1239 conveniunt

62 1304 206 1341 cum
232 1280 381 1349 hoc,
430 1279 661 1338 cellula
698 1277 991 1336 cubitalis
1026 1277 1397 1338 intermedia
1434 1291 1648 1337 exacte
1680 1299 1832 1359 qua-

59 1375 444 1458 drangularis
471 1388 535 1435 et
558 1396 750 1437 coxae
776 1399 990 1437 omnes
1015 1377 1189 1438 rufae
1217 1400 1360 1436 cum
1387 1376 1520 1436 illo.
1549 1413 1636 1422 ——-
1666 1378 1834 1437 Lon-

55 1475 286 1558 gitudo
344 1480 384 1538 4
440 1475 768 1536 linearum.
860 1477 1202 1538 Antennae
1259 1476 1543 1537 articulis
1602 1483 1826 1539 9—-11

59 1575 240 1636 albis,
333 1575 610 1636 leoruae
656 1587 895 1658 puncto
939 1575 1082 1636 rufo
1131 1576 1420 1635 obsoleto
1471 1574 1630 1634 infra
1679 1575 1826 1634 alas,

60 1678 232 1738 Alae
266 1675 554 1756 stigmate
591 1688 653 1735 et
691 1675 865 1735 radio
902 1675 1122 1756 nigris,
1170 1673 1380 1733 radice
1419 1687 1482 1733 et
1508 1674 1833 1755 squamula

60 1775 241 1834 albis.
334 1774 536 1836 Pedes
572 1775 722 1845 rufi,
770 1773 999 1856 postici
1025 1773 1205 1833 tarsis
1245 1785 1308 1831 et
1333 1772 1627 1833 tibiarum
1654 1773 1832 1856 apice

61 1873 273 1932 fuscis,
365 1874 650 1932 Aculeus
674 1871 1073 1951 longitudine
1099 1871 1466 1932 abdominis·

167 1968 438 2029 Unicum
463 1970 857 2030 individuum
881 1971 1163 2050 Manger
1187 1969 1359 2052 cepit
1383 1970 1547 2030 circa
1578 1973 1836 2035 Warr‘n-

63 2068 284 2130 bruun.

192 2246 250 2300 2.
313 2239 563 2298 Cellula
610 2235 878 2299 cubitali
934 2237 1309 2300 intermedia
1360 2244 1836 2323 quinqueangu-

19 2341 210 2400 vlctri.
267 2335 308 2395 f.
367 2370 452 2380 -—
507 2335 872 2416 Longitudo
918 2338 1021 2419 4ss
1081 2336 1407 2399 linearum.
1500 2341 1836 2401 Antennue

67 2434 336 2495 articulo
380 2440 410 2495 1
452 2433 667 2493 subtus
705 2434 919 2506 badio,
968 2442 1199 2500 8-12
1226 2438 1404 2498 albis.
1495 2438 1832 2501 Abdomen

68 2545 388 2616 segmento
418 2539 448 2593 1
478 2532 654 2614 apice
679 2532 941 2593 obscure
969 2547 1290 2608 castaneO,
1338 2544 1378 2598 7
1420 2558 1606 2620 supra
1639 2539 1835 2599 flavo-

68 2631 231 2692 albo.
323 2632 606 2693 Aculeus
628 2629 758 2691 fere
787 2632 1065 2714 corporis
1093 2633 1508 2715 longitudine.

195 2731 369 2788 Hanc
402 2728 696 2789 feminam
735 2730 863 2790 vidi
900 2731 965 2790 in
988 2732 1212 2792 Museo
1240 2736 1509 2794 Comitis
1535 2733 1614 2795 de
1637 2732 1836 2816 Hoff-

71 2849 412 2911 mannsegg
450 2828 563 2888 sub
601 2828 849 2889 nomine
887 2829 1062 2892 Ichn.
1085 2833 1460 2914 surcatoris
1496 2831 1659 2893 novi.
