2063 3653
479 193 641 232 FAM.
695 180 816 232 VII.
867 191 1379 234 PEZOMACHUS.
1695 181 1819 239 893

34 328 449 411 ferrugineis,
499 327 540 389 f.
591 363 677 374 ——·
720 328 1087 410 Longitudo
1119 334 1282 390 1-2
1306 325 1632 388 linearum.
1685 331 1821 391 An·-

49 441 277 489 tennae
299 427 497 487 rarius
523 426 700 487 rufae
730 427 908 510 apice
934 428 1142 509 nigro;
1188 427 1562 509 plerumque
1589 427 1818 510 nigrae,

47 525 317 586 articulo
339 534 382 589 2
406 526 509 587 vel
534 526 816 586 articulis
846 530 1037 589 2-4
1065 525 1284 586 subtus
1308 526 1478 589 rufis,
1541 527 1821 587 Thorax

46 625 218 685 collo
274 636 339 685 et
393 624 768 707 prothorace
815 625 1316 698 rufomaculatiS,
1374 625 1574 686 rarius
1630 627 1820 687 etiam

45 721 486 783 metathoracis
511 723 696 784 dorso
720 723 1099 806 ferrugineo,
1184 724 1388 787 Pedes
1409 725 1513 787 vel
1541 725 1673 786 fere
1698 726 1818 786 toti

46 821 236 893 fusci3
281 822 384 883 vel
424 822 925 884 trochanteribus
973 835 1037 884 et
1087 822 1385 883 tibiarum
1436 824 1821 885 anteriorum

47 922 243 982 latere
269 920 518 981 interno
547 921 927 995 stramineis;
969 922 1073 983 vel
1091 924 1228 995 rufi,
1255 922 1597 984 femoribus
1622 924 1821 1007 posti-

44 1020 132 1080 cis
157 1019 453 1101 geniculo
481 1019 676 1102 nigro,
724 1021 897 1081 tibiis
922 1021 1381 1104 posterioribus
1407 1024 1586 1104 apice
1612 1023 1815 1085 fusco.

44 1117 381 1181 Abdomen
418 1120 518 1179 vel
555 1119 856 1201 segmenti
883 1119 1070 1200 primi
1107 1119 1384 1199 margine
1405 1131 1682 1180 testaceo
1710 1134 1821 1181 aut

44 1216 434 1298 ferruginem
491 1218 594 1277 vel
653 1228 974 1296 segmento
1033 1223 1062 1277 1
1122 1215 1263 1275 rufo
1321 1215 1569 1276 macula
1624 1216 1817 1291 fusca,

41 1322 83 1377 2
106 1314 533 1375 rufolimbato.
627 1316 912 1377 Aculeus
949 1326 1205 1396 quartae
1239 1315 1434 1399 partis
1467 1314 1819 1379 abdominis

43 1413 458 1495 longitudine.

149 1514 354 1572 Unum
381 1512 776 1574 individuum
802 1513 945 1594 cepi
976 1513 1040 1571 in
1065 1512 1342 1594 gramine
1368 1513 1530 1573 circa
1559 1506 1815 1576 Gottin-

37 1631 187 1691 gam
203 1635 226 1680 ;
270 1609 392 1669 alia
430 1611 761 1692 quaedam,
810 1610 974 1670 circa
1022 1614 1111 1672 W
1108 1610 1456 1672 ctrmbrunn
1491 1625 1554 1674 et
1592 1616 1815 1675 Mons-

38 1712 444 1793 pessulanum
469 1723 678 1794 capta,
728 1707 804 1769 ad
839 1730 939 1770 me
976 1710 1335 1771 transmissa
1372 1724 1534 1772 sunt.

1761 1850 1799 1875 Ψ

696 1965 1155 2046 Synonyma:

40 2105 217 2168 Ichn.
255 2125 497 2186 vagans
525 2104 768 2167 Olivier
803 2126 863 2187 p.
893 2111 1045 2178 204,
1095 2129 1151 2165 n.
1185 2113 1324 2169 199.

123 2249 160 2276 ‚‚
251 2204 670 2265 Walckenaer
720 2226 780 2286 p.
836 2211 944 2276 67,
994 2229 1052 2266 n.
1106 2211 1218 2276 87;
1276 2201 1519 2266 habitat
1562 2207 1811 2270 Parisiis

392 2304 500 2381 (ad
524 2302 800 2384 speciem
830 2305 1162 2385 genuinam
1191 2306 1528 2386 spectant).

37 2401 213 2463 Ichn.
254 2404 446 2486 agilis
487 2401 676 2461 Grav.
715 2403 986 2463 Pedestr.
1030 2424 1090 2486 p.
1130 2405 1211 2465 45
1247 2425 1372 2464 var.
1416 2411 1651 2468 8--12
1701 2404 1813 2486 (ad

390 2520 556 2581 spec.
614 2499 1006 2582 genuinam),
1062 2508 1335 2565 13—-16
1379 2502 1489 2583 (ad
1535 2525 1658 2566 var.
1717 2505 1813 2586 1),

396 2603 560 2659 1—7
586 2598 696 2676 (ad
723 2619 848 2659 var.
877 2600 971 2679 2),
1018 2607 1092 2662 17
1125 2601 1234 2681 (ad
1259 2621 1384 2663 var.
1414 2602 1507 2683 ὃ),
1555 2608 1811 2668 36-38

392 2696 501 2777 (ad
526 2717 651 2757 var.
682 2697 774 2776 4).

459 2951 682 3012 Nota:

167 3092 465 3155 Conferas
496 3106 706 3154 notam
733 3092 808 3155 ad
836 3092 1357 3161 Pez.'hortensem
1384 3117 1441 3155 n.
1474 3097 1617 3160 305.
