2063 3653
164 123 246 180 66
540 120 543 121 ’
845 136 1188 178 anruon

162 270 490 354 irregulari
517 267 858 331 subsessili.
950 271 1153 335 Pedes
1174 274 1310 347 rufi,
1345 275 1518 336 coxis
1545 286 1610 336 et
1631 269 1925 336 trochan-

160 382 365 432 terum
409 370 542 431 basi
593 368 804 450 nigriS.
895 368 1233 434 Abdomen
1278 373 1732 446 subsericeum3
1777 396 1925 458 --seg-

158 482 371 530 mento
426 476 455 532 1
506 467 814 547 margine,
863 473 1055 531 2-4
1093 470 1272 543 totis,
1320 470 1789 533 rufocastaneiS.
1838 507 1927 521 —-

159 567 419 629 Caetera
444 565 608 625 sicut
630 564 697 623 in
727 563 938 647 specie
961 567 1248 647 genuina.

282 664 542 725 Unicam
564 663 862 725 feminam
897 663 979 726 de
1001 665 1274 750 Heyden
1310 665 1483 750 cepit
1520 687 1722 750 prope
1757 669 1924 729 Tra-

143 765 388 849 jectum
423 762 513 825 ad
545 763 868 824 Moenum.

0 848 108 927 25⁶
289 912 295 916 .
1861 916 1863 918 ,

0 945 223 1059 ὲωκ
281 961 341 1022 5.
432 952 711 1022 Pedibus
761 963 918 1021 totis
957 957 1136 1038 rufis,
1184 982 1264 1019 m.
1356 961 1638 1022 Statura
1676 971 1741 1021 et
1777 980 1924 1042 pro-

0 1087 122 1166 ἐῶ
152 1058 363 1140 portio
394 1058 667 1140 partium
705 1058 962 1118 omnino
1006 1056 1270 1118 marium
1308 1058 1724 1139 genuinorum
1762 1059 1925 1119 indi-

151 1155 355 1217 viduis
405 1154 737 1214 abdomine
769 1156 1102 1236 graciliore
1138 1169 1201 1216 et
1235 1157 1524 1238 longiore
1560 1157 1917 1239 respondet.

0 1222 78 1307 ἔτ’*
150 1253 520 1334 Longitudo
545 1250 680 1313 fere
718 1254 757 1314 5
797 1253 1123 1313 linearum.
1216 1256 1554 1315 Antemnae
1575 1255 1779 1326 rufae,
1828 1275 1925 1311 ar-

0 1352 352 1489 fflffijiculo
384 1360 414 1414 1
441 1350 620 1410 fusco
650 1350 866 1409 subtus
892 1352 1073 1411 flavo,
1166 1351 1369 1414 Pedes
1401 1352 1522 1410 toti
1558 1353 1696 1410 rufi.
1789 1350 1925 1412 Ab-

151 1449 379 1512 domen
412 1449 648 1521 rufum,
695 1448 941 1530 petiolo
990 1461 1052 1508 et
1101 1448 1434 1529 segmentis
1472 1450 1663 1511 5—7
1706 1448 1919 1530 nigris·

151 1547 409 1607 Caetera
435 1546 599 1607 sicut
626 1547 692 1607 in
716 1546 989 1606 maribus
1016 1547 1322 1627 genuinis
1566 1600 1571 1603 .

278 1646 429 1706 Duo
484 1644 806 1706 individua
873 1646 1155 1726 Manger
1209 1665 1409 1728 prope
1485 1645 1577 1706 W
1572 1642 1920 1707 armbrunn

147 1743 338 1825 cepit.
1474 1732 1476 1734 V

793 1925 833 1984 S
849 1947 891 2007 y
907 1948 948 1986 n
960 1945 1000 1985 o
1017 1948 1058 1985 n
1073 1947 1114 2008 y
1128 1947 1189 1984 m
1207 1946 1239 1984 a
1256 1951 1268 1984 :

147 2035 534 2118 Ichneumon
577 2036 866 2099 Geoffroi
891 2058 952 2118 p.
985 2042 1127 2109 347,
1176 2061 1234 2097 n.
1262 2038 1365 2099 58.

580 2134 854 2218 Typhae
875 2135 926 2191 F
931 2155 1203 2214 ourcroy
1227 2155 1287 2214 p.
1315 2138 1460 2204 413,
1506 2156 1565 2191 n.
1597 2135 1701 2196 59.

232 2278 268 2303 ‚‚
400 2279 437 2305 ‚,
695 2277 732 2304 ,‚
869 2231 1116 2292 Olivier
1137 2254 1196 2313 p.
1225 2237 1371 2300 210,
1419 2252 1478 2288 n.
1508 2237 1610 2291 22.

230 2375 267 2401 ‚‚
399 2374 438 2402 „
574 2329 928 2411 indefessus
963 2327 1278 2388 Gravenh.
1317 2327 1459 2388 Ped.
1508 2350 1568 2387 n.
1611 2334 1728 2391 111
1780 2326 1926 2406 (fe-v

646 2427 815 2487 mina
841 2437 937 2486 est
964 2438 1175 2487 nostra
1203 2426 1468 2487 varietas
1491 2424 1828 2508 secunda).

480 2608 707 2669 Nota:

270 2718 453 2782 Ratio
522 2714 875 2782 latitudinis
948 2732 1014 2783 et
1078 2721 1494 2804 longitudinis
1566 2721 1915 2782 abdominis

142 2816 309 2878 haud
334 2840 581 2902 semper
605 2819 821 2880 eadem
848 2831 962 2880 est.
1045 2821 1392 2882 Individuis
1419 2820 1750 2881 abdomine
1776 2821 1917 2902 lon-

142 2917 316 2998 giore
350 2930 414 2978 et
448 2918 807 2999 graciliore,
857 2932 1243 3002 segmentum
1284 2920 1558 3001 primum
1595 2919 1785 2979 etiam
1809 2941 1917 2977 an-

144 3014 382 3097 gustius
424 3029 518 3074 est
544 3029 608 3075 et
633 3017 877 3097 apicem
904 3039 1120 3080 versus
1145 3018 1349 3078 minus
1373 3018 1706 3078 dilatatum
1731 3039 1914 3100 quam

143 3111 481 3174 individuis
510 3113 842 3175 abdomine
864 3114 1090 3177 latiore
1129 3129 1194 3178 et
1229 3117 1538 3180 breviore.
1629 3115 1914 3177 Haedis*
1961 3179 1975 3195 ,

143 3209 446 3288 ferentiae
469 3224 707 3285 autem,
754 3213 914 3275 serie
940 3215 1126 3298 longa
1146 3215 1647 3289 individuorum,
1683 3213 1913 3289 Sensim
