2063 3653
340 138 504 178 ΒΑΜ.
557 125 851 185 Ι,’5ΕοΤ.
903 135 983 175 1v.
1036 132 1526 175 MESOLEPTUs.
1739 122 1822 177 77

129 278 131 286 '
192 273 456 336 Unicum
495 230 886 332 individuum
919 267 1143 332 Besser
1182 290 1216 330 e
1253 268 1323 332 V
1318 267 1587 354 olltynia
1623 279 1825 330 trans-

61 386 248 435 mlslt.

710 494 1171 591 synonyma:

63 625 239 686 Iclm.
270 636 676 705 regenerator
701 622 883 682 Fabr.
914 620 1078 681 Piez.
1110 640 1171 702 p.
1204 626 1304 692 83,
1343 642 1401 680 n.
1430 619 1541 692 513
1587 619 1830 680 habitat

765 720 834 780 in
855 718 1122 780 Austria.

121 866 164 891 .„
340 867 376 892 ‚,
553 867 587 891 ‚‚
699 817 950 878 Thunb.
978 816 1154 879 Ichn.
1185 841 1244 878 n.
1279 822 1420 882 104.

396 990 625 1050 Nota:

192 1100 372 1163 Ichn.
421 1111 831 1179 regenerator
876 1099 928 1156 F
933 1098 1059 1157 abr.
1106 1098 1316 1178 potius
1355 1098 1431 1156 ad
1465 1097 1832 1159 varietatem

63 1211 308 1258 nostrae
334 1196 596 1278 speciei,
645 1216 832 1277 quam
857 1194 932 1252 ad
955 1195 1228 1276 speciem
1253 1193 1587 1275 genuinam
1615 1196 1832 1278 ipsam,

62 1295 448 1356 adhibendus
485 1305 609 1365 est,
658 1314 802 1352 cum
839 1304 1060 1353 auctor
1105 1292 1321 1352 annuli
1359 1293 1487 1353 albi
1521 1307 1833 1356 tarsorum

62 1393 452 1478 posticorum
478 1391 716 1451 nullam
741 1389 966 1451 fecerit
986 1391 1392 1453 mentionem.

190 1493 446 1553 Femina
471 1489 740 1573 genuina
765 1490 1040 1552 medium
1053 1502 1229 1551 tenet
1255 1489 1420 1551 inter
1435 1491 1711 1574 speciem
1736 1513 1834 1554 se·-

64 1602 360 1673 quentem
386 1601 450 1650 et
475 1589 748 1671 speciem
775 1589 1282 1671 praecedentem3
1331 1610 1364 1648 a
1389 1603 1689 1672 sequente
1712 1591 1836 1652 dif-
1907 1641 1924 1645 -

64 1689 188 1749 fert
211 1689 438 1761 areola,
468 1710 501 1747 a
526 1688 943 1771 praecedente
968 1688 1216 1748 areolae
1241 1687 1421 1748 istius
1436 1689 1746 1771 parvitate
1772 1702 1837 1751 et

66 1787 309 1868 petiolo
334 1788 546 1868 longo,
639 1787 923 1848 Varietas
958 1800 1197 1859 autem,
1244 1785 1445 1846 forma
1480 1798 1546 1848 et
1567 1808 1836 1870 propor-

66 1884 240 1945 tione
276 1884 623 1944 abdominis
658 1897 722 1943 et
757 1885 1004 1944 areolae
1036 1906 1152 1944 nec
1181 1905 1307 1944 non
1341 1886 1574 1966 pedum
1598 1886 1833 1961 colore,

68 1982 408 2064 genuinum
467 1996 973 2063 regeneratorem
1029 2004 1173 2043 cum
1220 1987 1533 2050 nemorali
1569 1983 1836 2069 conjun-

68 2102 213 2161 gere
239 2079 505 2141 videtur.
1250 2148 1395 2288 ‘a‘

566 2373 654 2428 44.
723 2370 804 2424 M.
841 2217 1335 2429 DEZECTIVUS.

407 2511 714 2565 Abdomine
736 2512 920 2564 medio
941 2510 1095 2577 ruf03
1125 2510 1428 2568 femoribus
1450 2513 1712 2587 tibiisque
1734 2538 1841 2571 an·-

403 2595 698 2648 terioribus
729 2596 886 2661 totis,
926 2595 1155 2667 posticis
1178 2598 1324 2665 basi,
1362 2599 1526 2668 rufis;
1568 2611 1842 2656 antenna-

401 2697 524 2731 rum
544 2677 749 2733 annulo
775 2679 932 2747 alb03
973 2679 1158 2734 areola
1177 2681 1351 2738 nulla.
1421 2682 1464 2738 f.

198 2837 480 2898 Statura
502 2836 875 2898 feminarum
900 2837 1304 2920 graciliorum
1340 2839 1438 2901 M.
1467 2845 1812 2905 nemoralis
1822 2868 1845 2914 ,-

75 2935 182 2996 sed
207 2936 418 2997 areola
445 2938 652 3009 nulla,
701 2950 1023 3018 segmento
1055 2944 1085 3001 1
1115 2937 1359 3021 apicem
1390 2959 1606 2999 versus
1634 2939 1841 3002 minus

73 3032 366 3104 dilatato,
412 3033 656 3114 petiolo
683 3035 986 3096 crassiore
1011 3048 1077 3097 et
1100 3036 1388 3098 breviore
1413 3036 1646 3100 differt.

203 3129 573 3211 Longitudo
609 3133 719 3215 473,
763 3133 1090 3195 linearum.
1181 3136 1520 3200 Antennae
1563 3137 1846 3198 subseta-

76 3249 252 3302 oeae,
298 3249 564 3314 corpore
587 3231 940 3306 brevioreS,
985 3233 1166 3318 apice
1191 3248 1514 3309 curvatae,
1560 3235 1844 3299 articulis
