<?xml version="1.0" encoding="UTF-8"?>
<!DOCTYPE html PUBLIC "-//W3C//DTD XHTML 1.0 Transitional//EN"
    "http://www.w3.org/TR/xhtml1/DTD/xhtml1-transitional.dtd">
<html xmlns="http://www.w3.org/1999/xhtml" xml:lang="en" lang="en">
 <head>
  <title>
</title>
<meta http-equiv="Content-Type" content="text/html;charset=utf-8" />
  <meta name='ocr-system' content='tesseract 3.04.00' />
  <meta name='ocr-capabilities' content='ocr_page ocr_carea ocr_par ocr_line ocrx_word'/>
</head>
<body>
  <div class='ocr_page' id='page_1' title='image "./ichneumonologiae02grav_0325.png"; bbox 0 0 2063 3653; ppageno 0'>
   <div class='ocr_carea' id='block_1_1' title="bbox 639 122 1862 189">
    <p class='ocr_par' dir='ltr' id='par_1_1' title="bbox 639 122 1862 189">
     <span class='ocr_line' id='line_1_1' title="bbox 639 122 1862 189; baseline 0.006 -13"><span class='ocrx_word' id='word_1_1' title='bbox 639 136 802 177; x_wconf 82' lang='lat' dir='ltr'><strong>FAM.</strong></span> <span class='ocrx_word' id='word_1_2' title='bbox 853 122 937 189; x_wconf 87' lang='grc' dir='ltr'><strong>ΙΙ,</strong></span> <span class='ocrx_word' id='word_1_3' title='bbox 987 136 1173 177; x_wconf 75' lang='lat' dir='ltr'><strong>sEcT.</strong></span> <span class='ocrx_word' id='word_1_4' title='bbox 1227 138 1305 177; x_wconf 73' lang='grc' dir='ltr'><strong>ιν.</strong></span> <span class='ocrx_word' id='word_1_5' title='bbox 1735 126 1862 183; x_wconf 80' lang='grc'><strong>317</strong></span> 
     </span>
    </p>
   </div>
   <div class='ocr_carea' id='block_1_2' title="bbox 19 269 1915 1342">
    <p class='ocr_par' dir='ltr' id='par_1_2' title="bbox 99 269 1862 357">
     <span class='ocr_line' id='line_1_2' title="bbox 99 269 1862 357; baseline -0.001 -21"><span class='ocrx_word' id='word_1_6' title='bbox 99 276 211 355; x_wconf 88' lang='lat' dir='ltr'><strong>(de</strong></span> <span class='ocrx_word' id='word_1_7' title='bbox 258 273 485 357; x_wconf 88' lang='lat' dir='ltr'><strong>quibus</strong></span> <span class='ocrx_word' id='word_1_8' title='bbox 537 271 826 334; x_wconf 88' lang='lat' dir='ltr'><strong>conferre</strong></span> <span class='ocrx_word' id='word_1_9' title='bbox 871 269 1030 334; x_wconf 86' lang='lat' dir='ltr'><strong>velis</strong></span> <span class='ocrx_word' id='word_1_10' title='bbox 1083 270 1573 355; x_wconf 82' lang='lat' dir='ltr'><strong>descriptionem</strong></span> <span class='ocrx_word' id='word_1_11' title='bbox 1627 272 1862 356; x_wconf 89' lang='lat' dir='ltr'><strong>speciei</strong></span> 
     </span>
    </p>

    <p class='ocr_par' dir='ltr' id='par_1_3' title="bbox 19 373 1915 1342">
     <span class='ocr_line' id='line_1_3' title="bbox 96 373 1894 457; baseline -0.002 -23"><span class='ocrx_word' id='word_1_12' title='bbox 96 373 480 456; x_wconf 37' lang='lat' dir='ltr'><strong>genuinae).</strong></span> <span class='ocrx_word' id='word_1_13' title='bbox 1890 454 1894 457; x_wconf 14' lang='lat' dir='ltr'><strong><em>q</em></strong></span> 
     </span>
     <span class='ocr_line' id='line_1_4' title="bbox 19 457 1915 532; baseline -0.001 -1"><span class='ocrx_word' id='word_1_14' title='bbox 19 465 22 467; x_wconf 35' lang='lat'>⁵</span> <span class='ocrx_word' id='word_1_15' title='bbox 226 457 613 532; x_wconf 35' lang='lat' dir='ltr'><strong>Omnes&#39;hae</strong></span> <span class='ocrx_word' id='word_1_16' title='bbox 649 469 1044 532; x_wconf 83' lang='lat' dir='ltr'><strong>differentiae</strong></span> <span class='ocrx_word' id='word_1_17' title='bbox 1091 483 1300 532; x_wconf 90' lang='lat' dir='ltr'><strong>autem</strong></span> <span class='ocrx_word' id='word_1_18' title='bbox 1339 469 1567 532; x_wconf 91' lang='lat' dir='ltr'><strong>sensim</strong></span> <span class='ocrx_word' id='word_1_19' title='bbox 1603 461 1915 531; x_wconf 47' lang='lat' dir='ltr'><strong>sensim-2?</strong></span> 
     </span>
     <span class='ocr_line' id='line_1_5' title="bbox 96 567 1864 653; baseline -0.001 -23"><span class='ocrx_word' id='word_1_20' title='bbox 96 592 218 653; x_wconf 90' lang='lat' dir='ltr'><strong>que</strong></span> <span class='ocrx_word' id='word_1_21' title='bbox 243 581 706 630; x_wconf 78' lang='lat' dir='ltr'>commutantur</span> <span class='ocrx_word' id='word_1_22' title='bbox 740 582 804 630; x_wconf 86' lang='lat' dir='ltr'><strong>et</strong></span> <span class='ocrx_word' id='word_1_23' title='bbox 838 592 960 630; x_wconf 93' lang='lat' dir='ltr'><strong>una</strong></span> <span class='ocrx_word' id='word_1_24' title='bbox 982 570 1048 631; x_wconf 87' lang='lat' dir='ltr'><strong>in</strong></span> <span class='ocrx_word' id='word_1_25' title='bbox 1069 572 1327 632; x_wconf 84' lang='lat' dir='ltr'><strong>alteram</strong></span> <span class='ocrx_word' id='word_1_26' title='bbox 1361 582 1718 642; x_wconf 85' lang='lat' dir='ltr'><strong>transeunt,</strong></span> <span class='ocrx_word' id='word_1_27' title='bbox 1766 567 1864 629; x_wconf 89' lang='lat' dir='ltr'><strong>in-</strong></span> 
     </span>
     <span class='ocr_line' id='line_1_6' title="bbox 94 667 1864 751; baseline 0 -24"><span class='ocrx_word' id='word_1_28' title='bbox 94 669 300 751; x_wconf 88' lang='lat' dir='ltr'><strong>deque</strong></span> <span class='ocrx_word' id='word_1_29' title='bbox 328 667 509 728; x_wconf 92' lang='lat' dir='ltr'><strong>nullo</strong></span> <span class='ocrx_word' id='word_1_30' title='bbox 535 669 721 728; x_wconf 89' lang='lat' dir='ltr'><strong>modo</strong></span> <span class='ocrx_word' id='word_1_31' title='bbox 760 669 836 728; x_wconf 89' lang='lat' dir='ltr'><strong>ad</strong></span> <span class='ocrx_word' id='word_1_32' title='bbox 870 668 1260 731; x_wconf 81' lang='lat' dir='ltr'><strong>characteres</strong></span> <span class='ocrx_word' id='word_1_33' title='bbox 1299 669 1555 730; x_wconf 86' lang='lat' dir='ltr'><strong>stabiles</strong></span> <span class='ocrx_word' id='word_1_34' title='bbox 1580 668 1864 751; x_wconf 90' lang='lat' dir='ltr'><strong>plurium</strong></span> 
     </span>
     <span class='ocr_line' id='line_1_7' title="bbox 94 767 1862 851; baseline 0 -23"><span class='ocrx_word' id='word_1_35' title='bbox 94 767 453 850; x_wconf 90' lang='lat' dir='ltr'><strong>specierum</strong></span> <span class='ocrx_word' id='word_1_36' title='bbox 524 768 1041 832; x_wconf 88' lang='lat' dir='ltr'><strong>secernendarum</strong></span> <span class='ocrx_word' id='word_1_37' title='bbox 1110 768 1600 851; x_wconf 86' lang='lat' dir='ltr'><strong>subpeditandos</strong></span> <span class='ocrx_word' id='word_1_38' title='bbox 1679 780 1862 850; x_wconf 91' lang='lat' dir='ltr'><strong>aptae</strong></span> 
     </span>
     <span class='ocr_line' id='line_1_8' title="bbox 92 866 1860 951; baseline 0.001 -26"><span class='ocrx_word' id='word_1_39' title='bbox 92 878 258 927; x_wconf 90' lang='lat' dir='ltr'><strong>sunt.</strong></span> <span class='ocrx_word' id='word_1_40' title='bbox 353 866 591 927; x_wconf 78' lang='lat' dir='ltr'><strong>Forsan</strong></span> <span class='ocrx_word' id='word_1_41' title='bbox 626 867 837 949; x_wconf 90' lang='lat' dir='ltr'><strong>potius</strong></span> <span class='ocrx_word' id='word_1_42' title='bbox 873 891 996 929; x_wconf 91' lang='lat' dir='ltr'><strong>una</strong></span> <span class='ocrx_word' id='word_1_43' title='bbox 1033 867 1307 930; x_wconf 87' lang='lat' dir='ltr'><strong>alterave</strong></span> <span class='ocrx_word' id='word_1_44' title='bbox 1346 867 1605 951; x_wconf 83' lang='lat' dir='ltr'><strong>specieS,</strong></span> <span class='ocrx_word' id='word_1_45' title='bbox 1655 866 1860 928; x_wconf 90' lang='lat' dir='ltr'><strong>adhuc</strong></span> 
     </span>
     <span class='ocr_line' id='line_1_9' title="bbox 90 964 1862 1048; baseline 0.001 -24"><span class='ocrx_word' id='word_1_46' title='bbox 90 964 405 1048; x_wconf 87' lang='lat' dir='ltr'><strong>sejuncta,</strong></span> <span class='ocrx_word' id='word_1_47' title='bbox 454 987 597 1026; x_wconf 89' lang='lat' dir='ltr'><strong>cum</strong></span> <span class='ocrx_word' id='word_1_48' title='bbox 634 965 750 1025; x_wconf 91' lang='lat' dir='ltr'><strong>hac</strong></span> <span class='ocrx_word' id='word_1_49' title='bbox 784 966 1084 1048; x_wconf 88' lang='lat' dir='ltr'><strong>conjungi</strong></span> <span class='ocrx_word' id='word_1_50' title='bbox 1114 977 1355 1048; x_wconf 80' lang='lat' dir='ltr'><strong>posset3</strong></span> <span class='ocrx_word' id='word_1_51' title='bbox 1403 965 1512 1026; x_wconf 92' lang='lat' dir='ltr'><strong>sed</strong></span> <span class='ocrx_word' id='word_1_52' title='bbox 1551 989 1585 1025; x_wconf 91' lang='lat' dir='ltr'><strong>a</strong></span> <span class='ocrx_word' id='word_1_53' title='bbox 1620 966 1862 1048; x_wconf 92' lang='lat' dir='ltr'><strong>specie-</strong></span> 
     </span>
     <span class='ocr_line' id='line_1_10' title="bbox 86 1063 1862 1146; baseline 0 -23"><span class='ocrx_word' id='word_1_54' title='bbox 86 1063 204 1124; x_wconf 89' lang='lat' dir='ltr'><strong>bus</strong></span> <span class='ocrx_word' id='word_1_55' title='bbox 243 1063 619 1146; x_wconf 88' lang='lat' dir='ltr'><strong>quibusdam</strong></span> <span class='ocrx_word' id='word_1_56' title='bbox 656 1065 1038 1135; x_wconf 86' lang='lat' dir='ltr'><strong>confinibus,</strong></span> <span class='ocrx_word' id='word_1_57' title='bbox 1087 1065 1303 1123; x_wconf 89' lang='lat' dir='ltr'><strong>colore</strong></span> <span class='ocrx_word' id='word_1_58' title='bbox 1342 1075 1576 1122; x_wconf 88' lang='lat' dir='ltr'><strong>statura</strong></span> <span class='ocrx_word' id='word_1_59' title='bbox 1614 1076 1678 1123; x_wconf 90' lang='lat' dir='ltr'><strong>et</strong></span> <span class='ocrx_word' id='word_1_60' title='bbox 1713 1086 1862 1144; x_wconf 89' lang='lat' dir='ltr'><strong>pro-</strong></span> 
     </span>
     <span class='ocr_line' id='line_1_11' title="bbox 86 1161 1859 1245; baseline -0.001 -22"><span class='ocrx_word' id='word_1_61' title='bbox 86 1162 379 1245; x_wconf 87' lang='lat' dir='ltr'><strong>portione</strong></span> <span class='ocrx_word' id='word_1_62' title='bbox 410 1163 685 1242; x_wconf 90' lang='lat' dir='ltr'><strong>partium</strong></span> <span class='ocrx_word' id='word_1_63' title='bbox 713 1161 789 1218; x_wconf 91' lang='lat' dir='ltr'><strong>ad</strong></span> <span class='ocrx_word' id='word_1_64' title='bbox 824 1162 1235 1220; x_wconf 80' lang='lat' dir='ltr'><strong>rutilatorem</strong></span> <span class='ocrx_word' id='word_1_65' title='bbox 1273 1172 1558 1218; x_wconf 89' lang='lat' dir='ltr'><strong>nostrum</strong></span> <span class='ocrx_word' id='word_1_66' title='bbox 1598 1162 1859 1242; x_wconf 92' lang='lat' dir='ltr'><strong>propius</strong></span> 
     </span>
     <span class='ocr_line' id='line_1_12' title="bbox 85 1256 1858 1342; baseline 0 -22"><span class='ocrx_word' id='word_1_67' title='bbox 85 1258 557 1330; x_wconf 82' lang='lat' dir='ltr'><strong>accedentibus,</strong></span> <span class='ocrx_word' id='word_1_68' title='bbox 606 1257 711 1316; x_wconf 90' lang='lat' dir='ltr'><strong>hic</strong></span> <span class='ocrx_word' id='word_1_69' title='bbox 748 1256 1115 1340; x_wconf 88' lang='lat' dir='ltr'><strong>praesertim</strong></span> <span class='ocrx_word' id='word_1_70' title='bbox 1153 1257 1420 1342; x_wconf 90' lang='lat' dir='ltr'><strong>pedibus</strong></span> <span class='ocrx_word' id='word_1_71' title='bbox 1452 1258 1858 1320; x_wconf 87' lang='lat' dir='ltr'><strong>crassioribus</strong></span> 
     </span>
    </p>
   </div>
   <div class='ocr_carea' id='block_1_3' title="bbox 85 1355 1012 1420">
    <p class='ocr_par' dir='ltr' id='par_1_4' title="bbox 85 1355 1012 1420">
     <span class='ocr_line' id='line_1_13' title="bbox 85 1355 1012 1420; baseline -0.005 0"><span class='ocrx_word' id='word_1_72' title='bbox 85 1372 150 1420; x_wconf 89' lang='lat' dir='ltr'><strong>et</strong></span> <span class='ocrx_word' id='word_1_73' title='bbox 186 1358 580 1420; x_wconf 87' lang='lat' dir='ltr'><strong>brevioribus</strong></span> <span class='ocrx_word' id='word_1_74' title='bbox 615 1355 1012 1418; x_wconf 89' lang='lat' dir='ltr'><strong>discernitur.</strong></span> 
     </span>
    </p>
   </div>
   <div class='ocr_carea' id='block_1_4' title="bbox 75 1555 1857 3316">
    <p class='ocr_par' dir='ltr' id='par_1_5' title="bbox 75 1555 1857 3015">
     <span class='ocr_line' id='line_1_14' title="bbox 209 1555 1857 1640; baseline -0.002 -20"><span class='ocrx_word' id='word_1_75' title='bbox 209 1565 269 1620; x_wconf 75' lang='lat'><strong>2.</strong></span> <span class='ocrx_word' id='word_1_76' title='bbox 320 1558 384 1619; x_wconf 91' lang='lat' dir='ltr'><em>F</em></span> <span class='ocrx_word' id='word_1_77' title='bbox 382 1559 563 1640; x_wconf 81' lang='lat' dir='ltr'><strong>uesly</strong></span> <span class='ocrx_word' id='word_1_78' title='bbox 586 1556 629 1616; x_wconf 91' lang='lat' dir='ltr'><strong>l.</strong></span> <span class='ocrx_word' id='word_1_79' title='bbox 661 1578 712 1615; x_wconf 91' lang='lat' dir='ltr'><strong>c.</strong></span> <span class='ocrx_word' id='word_1_80' title='bbox 746 1555 823 1614; x_wconf 90' lang='lat' dir='ltr'><strong>ad</strong></span> <span class='ocrx_word' id='word_1_81' title='bbox 852 1556 1262 1617; x_wconf 79' lang='lat' dir='ltr'><strong>rutilatorem</strong></span> <span class='ocrx_word' id='word_1_82' title='bbox 1289 1555 1578 1615; x_wconf 88' lang='lat' dir='ltr'><strong>adhibuit</strong></span> <span class='ocrx_word' id='word_1_83' title='bbox 1604 1555 1857 1618; x_wconf 89' lang='lat' dir='ltr'><strong>Schaef-</strong></span> 
     </span>
     <span class='ocr_line' id='line_1_15' title="bbox 81 1654 1853 1736; baseline 0.003 -24"><span class='ocrx_word' id='word_1_84' title='bbox 81 1654 200 1716; x_wconf 84' lang='lat' dir='ltr'><strong>feri</strong></span> <span class='ocrx_word' id='word_1_85' title='bbox 224 1658 395 1715; x_wconf 89' lang='lat' dir='ltr'><strong>Icon.</strong></span> <span class='ocrx_word' id='word_1_86' title='bbox 426 1654 550 1715; x_wconf 89' lang='lat' dir='ltr'><strong>tab.</strong></span> <span class='ocrx_word' id='word_1_87' title='bbox 580 1661 645 1726; x_wconf 88' lang='lat'><strong>6,</strong></span> <span class='ocrx_word' id='word_1_88' title='bbox 693 1654 795 1736; x_wconf 89' lang='lat' dir='ltr'><strong>fig.</strong></span> <span class='ocrx_word' id='word_1_89' title='bbox 831 1662 903 1719; x_wconf 75' lang='lat'><strong>11</strong></span> <span class='ocrx_word' id='word_1_90' title='bbox 923 1702 938 1726; x_wconf 90' lang='lat'><strong>,</strong></span> <span class='ocrx_word' id='word_1_91' title='bbox 989 1676 1148 1736; x_wconf 91' lang='lat' dir='ltr'><strong>quae</strong></span> <span class='ocrx_word' id='word_1_92' title='bbox 1174 1666 1382 1713; x_wconf 86' lang='lat' dir='ltr'><strong>autem</strong></span> <span class='ocrx_word' id='word_1_93' title='bbox 1405 1656 1853 1736; x_wconf 83' lang='lat' dir='ltr'><strong>magnitudine,</strong></span> 
     </span>
     <span class='ocr_line' id='line_1_16' title="bbox 78 1752 1854 1826; baseline 0.002 -14"><span class='ocrx_word' id='word_1_94' title='bbox 78 1752 280 1812; x_wconf 84' lang='lat' dir='ltr'><strong>forma</strong></span> <span class='ocrx_word' id='word_1_95' title='bbox 306 1753 684 1824; x_wconf 84' lang='lat' dir='ltr'><strong>abdominiS,</strong></span> <span class='ocrx_word' id='word_1_96' title='bbox 735 1765 824 1824; x_wconf 88' lang='lat' dir='ltr'><strong>et,</strong></span> <span class='ocrx_word' id='word_1_97' title='bbox 877 1753 1219 1812; x_wconf 88' lang='lat' dir='ltr'><strong>secundum</strong></span> <span class='ocrx_word' id='word_1_98' title='bbox 1253 1753 1624 1826; x_wconf 85' lang='lat' dir='ltr'><strong>Panzerum,</strong></span> <span class='ocrx_word' id='word_1_99' title='bbox 1671 1756 1854 1819; x_wconf 86' lang='lat' dir='ltr'><strong>tarsis</strong></span> 
     </span>
     <span class='ocr_line' id='line_1_17' title="bbox 81 1849 1856 1923; baseline 0.004 -14"><span class='ocrx_word' id='word_1_100' title='bbox 81 1851 266 1923; x_wconf 76' lang='lat' dir='ltr'><strong>albis,</strong></span> <span class='ocrx_word' id='word_1_101' title='bbox 316 1851 546 1909; x_wconf 88' lang='lat' dir='ltr'><strong>differt.</strong></span> <span class='ocrx_word' id='word_1_102' title='bbox 595 1885 682 1896; x_wconf 85' lang='lat'><strong>-—</strong></span> <span class='ocrx_word' id='word_1_103' title='bbox 726 1850 906 1910; x_wconf 90' lang='lat' dir='ltr'><strong>Haud</strong></span> <span class='ocrx_word' id='word_1_104' title='bbox 955 1849 1356 1923; x_wconf 86' lang='lat' dir='ltr'><strong>haesitarem,</strong></span> <span class='ocrx_word' id='word_1_105' title='bbox 1406 1851 1585 1913; x_wconf 77' lang='lat' dir='ltr'><strong>Ichn.</strong></span> <span class='ocrx_word' id='word_1_106' title='bbox 1624 1858 1856 1918; x_wconf 79' lang='lat' dir='ltr'><strong>rutila-</strong></span> 
     </span>
     <span class='ocr_line' id='line_1_18' title="bbox 79 1947 1853 2025; baseline 0.002 -15"><span class='ocrx_word' id='word_1_107' title='bbox 79 1963 281 2010; x_wconf 82' lang='lat' dir='ltr'><strong>torem</strong></span> <span class='ocrx_word' id='word_1_108' title='bbox 318 1951 531 2009; x_wconf 79' lang='lat' dir='ltr'><strong>Rossii</strong></span> <span class='ocrx_word' id='word_1_109' title='bbox 564 1948 816 2008; x_wconf 90' lang='lat' dir='ltr'><strong>Faunae</strong></span> <span class='ocrx_word' id='word_1_110' title='bbox 852 1950 914 2008; x_wconf 92' lang='lat' dir='ltr'><strong>II</strong></span> <span class='ocrx_word' id='word_1_111' title='bbox 927 1995 942 2021; x_wconf 93' lang='lat'><strong>,</strong></span> <span class='ocrx_word' id='word_1_112' title='bbox 992 1972 1050 2007; x_wconf 91' lang='lat' dir='ltr'><strong>n.</strong></span> <span class='ocrx_word' id='word_1_113' title='bbox 1092 1955 1217 2010; x_wconf 88' lang='lat'><strong>780</strong></span> <span class='ocrx_word' id='word_1_114' title='bbox 1264 1947 1388 2008; x_wconf 92' lang='lat' dir='ltr'><strong>huc</strong></span> <span class='ocrx_word' id='word_1_115' title='bbox 1421 1949 1682 2025; x_wconf 87' lang='lat' dir='ltr'><strong>referre,</strong></span> <span class='ocrx_word' id='word_1_116' title='bbox 1719 1955 1853 2014; x_wconf 76' lang='lat' dir='ltr'><strong>&#39;nisi</strong></span> 
     </span>
     <span class='ocr_line' id='line_1_19' title="bbox 79 2044 1854 2130; baseline 0.003 -24"><span class='ocrx_word' id='word_1_117' title='bbox 79 2059 299 2106; x_wconf 85' lang='lat' dir='ltr'><strong>auctor</strong></span> <span class='ocrx_word' id='word_1_118' title='bbox 323 2044 558 2127; x_wconf 90' lang='lat' dir='ltr'><strong>speciei</strong></span> <span class='ocrx_word' id='word_1_119' title='bbox 598 2066 744 2104; x_wconf 88' lang='lat' dir='ltr'><strong>suae</strong></span> <span class='ocrx_word' id='word_1_120' title='bbox 782 2058 1079 2106; x_wconf 90' lang='lat' dir='ltr'><strong>antennas</strong></span> <span class='ocrx_word' id='word_1_121' title='bbox 1107 2069 1372 2129; x_wconf 90' lang='lat' dir='ltr'><strong>corpore</strong></span> <span class='ocrx_word' id='word_1_122' title='bbox 1399 2049 1716 2130; x_wconf 83' lang='lat' dir='ltr'><strong>longiores</strong></span> <span class='ocrx_word' id='word_1_123' title='bbox 1741 2052 1854 2111; x_wconf 88' lang='lat' dir='ltr'><strong>tri-</strong></span> 
     </span>
     <span class='ocr_line' id='line_1_20' title="bbox 78 2143 1852 2210; baseline 0.003 -5"><span class='ocrx_word' id='word_1_124' title='bbox 78 2145 341 2205; x_wconf 89' lang='lat' dir='ltr'><strong>buisset.</strong></span> <span class='ocrx_word' id='word_1_125' title='bbox 390 2179 477 2188; x_wconf 86' lang='lat'><strong>——-</strong></span> <span class='ocrx_word' id='word_1_126' title='bbox 520 2143 821 2205; x_wconf 77' lang='lat' dir='ltr'><strong>Schrank</strong></span> <span class='ocrx_word' id='word_1_127' title='bbox 846 2144 1012 2203; x_wconf 88' lang='lat' dir='ltr'><strong>inter</strong></span> <span class='ocrx_word' id='word_1_128' title='bbox 1039 2145 1429 2208; x_wconf 89' lang='lat' dir='ltr'><strong>characteres</strong></span> <span class='ocrx_word' id='word_1_129' title='bbox 1455 2148 1852 2210; x_wconf 83' lang='lat' dir='ltr'><strong>distinctivos</strong></span> 
     </span>
     <span class='ocr_line' id='line_1_21' title="bbox 81 2242 1851 2326; baseline 0.003 -21"><span class='ocrx_word' id='word_1_130' title='bbox 81 2246 449 2305; x_wconf 78' lang='lat' dir='ltr'><strong>rutilcztoris</strong></span> <span class='ocrx_word' id='word_1_131' title='bbox 482 2244 730 2326; x_wconf 89' lang='lat' dir='ltr'><strong>recepit</strong></span> <span class='ocrx_word' id='word_1_132' title='bbox 765 2242 1076 2307; x_wconf 79' lang='lat' dir='ltr'><strong>abdomen</strong></span> <span class='ocrx_word' id='word_1_133' title='bbox 1117 2245 1255 2308; x_wconf 82' lang='lat' dir='ltr'><strong>basi</strong></span> <span class='ocrx_word' id='word_1_134' title='bbox 1289 2252 1480 2326; x_wconf 79' lang='lat' dir='ltr'><strong>nigra</strong></span> <span class='ocrx_word' id='word_1_135' title='bbox 1498 2244 1851 2310; x_wconf 81' lang='lat' dir='ltr'><strong>bidentata.</strong></span> 
     </span>
     <span class='ocr_line' id='line_1_22' title="bbox 78 2342 1852 2427; baseline 0.002 -24"><span class='ocrx_word' id='word_1_136' title='bbox 78 2344 158 2403; x_wconf 89' lang='lat' dir='ltr'><strong>Hi</strong></span> <span class='ocrx_word' id='word_1_137' title='bbox 184 2344 401 2402; x_wconf 90' lang='lat' dir='ltr'><strong>dentes</strong></span> <span class='ocrx_word' id='word_1_138' title='bbox 429 2356 633 2404; x_wconf 91' lang='lat' dir='ltr'><strong>autem</strong></span> <span class='ocrx_word' id='word_1_139' title='bbox 664 2343 825 2404; x_wconf 91' lang='lat' dir='ltr'><strong>nihil</strong></span> <span class='ocrx_word' id='word_1_140' title='bbox 852 2342 1026 2402; x_wconf 89' lang='lat' dir='ltr'><strong>aliud</strong></span> <span class='ocrx_word' id='word_1_141' title='bbox 1059 2366 1193 2406; x_wconf 90' lang='lat' dir='ltr'><strong>esse</strong></span> <span class='ocrx_word' id='word_1_142' title='bbox 1216 2346 1512 2407; x_wconf 82' lang='lat' dir='ltr'><strong>videntur</strong></span> <span class='ocrx_word' id='word_1_143' title='bbox 1537 2367 1723 2427; x_wconf 87' lang='lat' dir='ltr'><strong>quam</strong></span> <span class='ocrx_word' id='word_1_144' title='bbox 1750 2360 1852 2407; x_wconf 89' lang='lat' dir='ltr'><strong>tu-</strong></span> 
     </span>
     <span class='ocr_line' id='line_1_23' title="bbox 77 2440 1852 2528; baseline 0.002 -27"><span class='ocrx_word' id='word_1_145' title='bbox 77 2442 335 2502; x_wconf 89' lang='lat' dir='ltr'><strong>bercula</strong></span> <span class='ocrx_word' id='word_1_146' title='bbox 371 2440 653 2501; x_wconf 89' lang='lat' dir='ltr'><strong>lateralia</strong></span> <span class='ocrx_word' id='word_1_147' title='bbox 687 2441 886 2528; x_wconf 27' lang='lat' dir='ltr'><strong>primi·</strong></span> <span class='ocrx_word' id='word_1_148' title='bbox 914 2445 1251 2523; x_wconf 84' lang='lat' dir='ltr'><strong>segmenti,</strong></span> <span class='ocrx_word' id='word_1_149' title='bbox 1299 2467 1459 2527; x_wconf 89' lang='lat' dir='ltr'><strong>quae</strong></span> <span class='ocrx_word' id='word_1_150' title='bbox 1497 2443 1751 2526; x_wconf 87' lang='lat' dir='ltr'><strong>quidem</strong></span> <span class='ocrx_word' id='word_1_151' title='bbox 1785 2445 1852 2505; x_wconf 91' lang='lat' dir='ltr'><strong>in</strong></span> 
     </span>
     <span class='ocr_line' id='line_1_24' title="bbox 78 2539 1851 2620; baseline 0.003 -22"><span class='ocrx_word' id='word_1_152' title='bbox 78 2540 294 2600; x_wconf 89' lang='lat' dir='ltr'><strong>multis</strong></span> <span class='ocrx_word' id='word_1_153' title='bbox 330 2539 467 2598; x_wconf 90' lang='lat' dir='ltr'><strong>aliis</strong></span> <span class='ocrx_word' id='word_1_154' title='bbox 508 2540 833 2620; x_wconf 89' lang='lat' dir='ltr'><strong>speciebus</strong></span> <span class='ocrx_word' id='word_1_155' title='bbox 872 2542 1075 2601; x_wconf 85' lang='lat' dir='ltr'><strong>multo</strong></span> <span class='ocrx_word' id='word_1_156' title='bbox 1113 2542 1509 2603; x_wconf 88' lang='lat' dir='ltr'><strong>distinctiora</strong></span> <span class='ocrx_word' id='word_1_157' title='bbox 1543 2555 1687 2602; x_wconf 92' lang='lat' dir='ltr'><strong>sunt</strong></span> <span class='ocrx_word' id='word_1_158' title='bbox 1720 2565 1851 2604; x_wconf 89' lang='lat' dir='ltr'><strong>ma-</strong></span> 
     </span>
     <span class='ocr_line' id='line_1_25' title="bbox 77 2638 1850 2721; baseline 0.003 -23"><span class='ocrx_word' id='word_1_159' title='bbox 77 2640 298 2721; x_wconf 89' lang='lat' dir='ltr'><strong>gisque</strong></span> <span class='ocrx_word' id='word_1_160' title='bbox 354 2638 712 2720; x_wconf 89' lang='lat' dir='ltr'><strong>prominent</strong></span> <span class='ocrx_word' id='word_1_161' title='bbox 767 2661 954 2721; x_wconf 86' lang='lat' dir='ltr'><strong>quam</strong></span> <span class='ocrx_word' id='word_1_162' title='bbox 1009 2639 1074 2699; x_wconf 91' lang='lat' dir='ltr'><strong>in</strong></span> <span class='ocrx_word' id='word_1_163' title='bbox 1128 2640 1264 2702; x_wconf 89' lang='lat' dir='ltr'><strong>hac.</strong></span> <span class='ocrx_word' id='word_1_164' title='bbox 1365 2641 1544 2703; x_wconf 78' lang='lat' dir='ltr'><strong>Ichn.</strong></span> <span class='ocrx_word' id='word_1_165' title='bbox 1594 2643 1850 2705; x_wconf 84' lang='lat' dir='ltr'><strong>anodon</strong></span> 
     </span>
     <span class='ocr_line' id='line_1_26' title="bbox 78 2736 1849 2818; baseline 0.001 -20"><span class='ocrx_word' id='word_1_166' title='bbox 78 2737 458 2808; x_wconf 77' lang='lat' dir='ltr'><strong>Schrankii,</strong></span> <span class='ocrx_word' id='word_1_167' title='bbox 506 2736 615 2818; x_wconf 86' lang='lat' dir='ltr'><strong>qui</strong></span> <span class='ocrx_word' id='word_1_168' title='bbox 662 2758 696 2795; x_wconf 92' lang='lat' dir='ltr'><strong>a</strong></span> <span class='ocrx_word' id='word_1_169' title='bbox 744 2741 1091 2799; x_wconf 79' lang='lat' dir='ltr'><strong>rutilatore</strong></span> <span class='ocrx_word' id='word_1_170' title='bbox 1123 2738 1406 2799; x_wconf 90' lang='lat' dir='ltr'><strong>dentium</strong></span> <span class='ocrx_word' id='word_1_171' title='bbox 1443 2739 1705 2798; x_wconf 91' lang='lat' dir='ltr'><strong>illorum</strong></span> <span class='ocrx_word' id='word_1_172' title='bbox 1739 2741 1849 2800; x_wconf 87' lang='lat' dir='ltr'><strong>de-</strong></span> 
     </span>
     <span class='ocr_line' id='line_1_27' title="bbox 75 2834 1847 2920; baseline 0.004 -28"><span class='ocrx_word' id='word_1_173' title='bbox 75 2835 249 2896; x_wconf 82' lang='lat' dir='ltr'><strong>fectu</strong></span> <span class='ocrx_word' id='word_1_174' title='bbox 275 2835 504 2908; x_wconf 87' lang='lat' dir='ltr'><strong>differt,</strong></span> <span class='ocrx_word' id='word_1_175' title='bbox 543 2858 576 2896; x_wconf 94' lang='lat' dir='ltr'><strong>e</strong></span> <span class='ocrx_word' id='word_1_176' title='bbox 602 2834 925 2895; x_wconf 87' lang='lat' dir='ltr'><strong>Schrankii</strong></span> <span class='ocrx_word' id='word_1_177' title='bbox 946 2835 1143 2916; x_wconf 89' lang='lat' dir='ltr'><strong>ipsius</strong></span> <span class='ocrx_word' id='word_1_178' title='bbox 1171 2835 1496 2909; x_wconf 88' lang='lat' dir='ltr'><strong>sententia,</strong></span> <span class='ocrx_word' id='word_1_179' title='bbox 1535 2858 1651 2920; x_wconf 90' lang='lat' dir='ltr'><strong>pro</strong></span> <span class='ocrx_word' id='word_1_180' title='bbox 1678 2861 1847 2900; x_wconf 89' lang='lat' dir='ltr'><strong>mera</strong></span> 
     </span>
     <span class='ocr_line' id='line_1_28' title="bbox 77 2933 1025 3015; baseline 0.001 -21"><span class='ocrx_word' id='word_1_181' title='bbox 77 2933 213 3015; x_wconf 89' lang='lat' dir='ltr'><strong>ejus</strong></span> <span class='ocrx_word' id='word_1_182' title='bbox 241 2934 542 2995; x_wconf 82' lang='lat' dir='ltr'><strong>varietate</strong></span> <span class='ocrx_word' id='word_1_183' title='bbox 567 2933 886 2994; x_wconf 90' lang='lat' dir='ltr'><strong>habendus</strong></span> <span class='ocrx_word' id='word_1_184' title='bbox 914 2946 1025 2996; x_wconf 84' lang='lat' dir='ltr'><strong>est.</strong></span> 
     </span>
    </p>

    <p class='ocr_par' dir='ltr' id='par_1_6' title="bbox 77 3032 1845 3316">
     <span class='ocr_line' id='line_1_29' title="bbox 205 3032 1844 3115; baseline 0.005 -23"><span class='ocrx_word' id='word_1_185' title='bbox 205 3032 384 3093; x_wconf 80' lang='lat' dir='ltr'><strong>Ichn.</strong></span> <span class='ocrx_word' id='word_1_186' title='bbox 425 3038 907 3115; x_wconf 81' lang='lat' dir='ltr'><strong>impraegnator</strong></span> <span class='ocrx_word' id='word_1_187' title='bbox 941 3045 1266 3094; x_wconf 91' lang='lat' dir='ltr'><strong>auctorum</strong></span> <span class='ocrx_word' id='word_1_188' title='bbox 1308 3033 1385 3093; x_wconf 90' lang='lat' dir='ltr'><strong>ad</strong></span> <span class='ocrx_word' id='word_1_189' title='bbox 1423 3046 1700 3096; x_wconf 91' lang='lat' dir='ltr'><strong>nostram</strong></span> <span class='ocrx_word' id='word_1_190' title='bbox 1738 3061 1844 3100; x_wconf 83' lang='lat' dir='ltr'><strong>va-</strong></span> 
     </span>
     <span class='ocr_line' id='line_1_30' title="bbox 77 3130 1845 3221; baseline 0.005 -33"><span class='ocrx_word' id='word_1_191' title='bbox 77 3130 367 3190; x_wconf 89' lang='lat' dir='ltr'><strong>rietatem</strong></span> <span class='ocrx_word' id='word_1_192' title='bbox 400 3137 472 3193; x_wconf 90' lang='lat'><strong>11</strong></span> <span class='ocrx_word' id='word_1_193' title='bbox 507 3135 876 3194; x_wconf 80' lang='lat' dir='ltr'><strong>rutilatoris</strong></span> <span class='ocrx_word' id='word_1_194' title='bbox 899 3132 1275 3216; x_wconf 91' lang='lat' dir='ltr'><strong>redigendus</strong></span> <span class='ocrx_word' id='word_1_195' title='bbox 1305 3145 1418 3194; x_wconf 90' lang='lat' dir='ltr'><strong>est.</strong></span> <span class='ocrx_word' id='word_1_196' title='bbox 1492 3134 1542 3194; x_wconf 92' lang='lat' dir='ltr'>E</span> <span class='ocrx_word' id='word_1_197' title='bbox 1567 3136 1845 3221; x_wconf 84' lang='lat' dir='ltr'><strong>descrip-</strong></span> 
     </span>
     <span class='ocr_line' id='line_1_31' title="bbox 77 3229 1843 3316; baseline 0.006 -29"><span class='ocrx_word' id='word_1_198' title='bbox 77 3229 252 3290; x_wconf 81' lang='lat' dir='ltr'><strong>tione</strong></span> <span class='ocrx_word' id='word_1_199' title='bbox 316 3242 644 3291; x_wconf 88' lang='lat' dir='ltr'><strong>auctorum</strong></span> <span class='ocrx_word' id='word_1_200' title='bbox 712 3232 967 3314; x_wconf 91' lang='lat' dir='ltr'><strong>quidem</strong></span> <span class='ocrx_word' id='word_1_201' title='bbox 1043 3245 1433 3316; x_wconf 87' lang='lat' dir='ltr'><strong>segmentum</strong></span> <span class='ocrx_word' id='word_1_202' title='bbox 1500 3236 1843 3297; x_wconf 89' lang='lat' dir='ltr'><strong>secundum</strong></span> 
     </span>
    </p>
   </div>
  </div>
 </body>
</html>
