2063 3653
181 123 263 180 30
460 171 463 173 a
881 133 1227 176 TRYPHON

182 269 566 371 Ichneamon
591 271 731 336 cla«
734 281 883 331 ator
906 270 1088 332 Mal]
1120 268 1331 332 Pr.odr
1362 276 1626 334 n.1820

287 417 324 445 ‚,
455 416 492 444 ‚,
708 415 743 442 „
912 368 1182 430 Schrank
1205 369 1390 430 Boica
1418 391 1473 427 n.
1503 375 1704 440 21123
1730 390 1944 429 mense

991 467 1408 550 Septembris
1395 489 1458 524 m
1484 466 1756 527 dumetis
1779 466 1944 526 circa

990 563 1360 646 Ingolstadt.

183 666 426 729 Bassus
451 675 766 728 testaceus
792 660 972 722 Fahr.
1003 663 1166 722 Piez.
1196 686 1256 746 p.
1290 670 1428 734 101,
1459 685 1517 722 n.
1548 670 1648 726 31.

512 847 736 907 Nota:

306 987 444 1047 Mas
478 1004 640 1046 unus
673 1003 875 1066 prope
917 982 1286 1066 Meiningen
1330 996 1578 1067 captus,
1661 984 1949 1067 alterque

182 1084 473 1166 (thorace
496 1083 666 1144 haud
689 1079 1126 1162 flavolineato)
1161 1104 1196 1142 e
1220 1082 1539 1163 Volhynia
1556 1128 1570 1154 ,
1631 1105 1776 1142 cum
1799 1082 1948 1142 reli-

181 1185 322 1268 quis
347 1182 623 1255 maribus
638 1181 982 1263 majoribus
1008 1179 1247 1263 optime
1272 1180 1528 1262 quidem
1544 1180 1945 1251 conveniunt,

183 1284 292 1346 sed
313 1272 558 1367 petiolo
582 1279 873 1341 breviore
899 1289 963 1337 et
986 1277 1290 1338 crassiore
1317 1277 1638 1339 differunt.

307 1381 695 1443 Ichneumon
721 1390 1033 1440 testaceus
1066 1375 1275 1437 Gmel.
1316 1375 1411 1436 ed.
1451 1375 1634 1436 Linn.
1675 1397 1738 1458 p.
1777 1380 1948 1438 2702

183 1506 242 1542 n.
262 1489 404 1553 303,
430 1478 555 1539 huc
580 1476 749 1538 haud
771 1473 990 1536 referri
1015 1486 1248 1558 potest,
1275 1474 1385 1535 sed
1400 1475 1476 1534 ad
1501 1476 1612 1536 Tr.
1631 1466 1950 1557 brachya-

184 1580 488 1643 canthum
521 1612 609 1623 -—
639 1574 819 1638 Ichn.
859 1576 1154 1636 clavator
1187 1574 1237 1634 F
1243 1573 1370 1633 abr.
1413 1572 1558 1633 Ent.
1609 1596 1669 1656 p.
1717 1573 1835 1635 151
1886 1583 1952 1632 et

183 1681 365 1740 Panz.
395 1678 471 1739 ad
498 1673 760 1738 Schaeff.
788 1686 833 1733 t.
862 1680 945 1736 20
971 1672 1071 1754 fig.
1108 1678 1205 1745 12,
1255 1670 1330 1731 ad
1357 1684 1642 1732 nostrum
1665 1673 1952 1733 Eoeetas-
2054 1738 2057 1741 ,

184 1791 287 1841 ten
310 1780 701 1841 clavatorem
725 1771 1112 1832 adhibendus
1138 1782 1251 1832 est.
1303 1771 1522 1852 Illiger
1546 1772 1803 1830 Bassum
1825 1781 1953 1828 tes-

184 1889 433 1937 taceum
461 1873 642 1935 Fabr.
674 1869 1124 1951 interrogative
1151 1868 1440 1927 adhibuit
1477 1869 1553 1926 ad
1576 1867 1954 1929 Ichneamo-

184 1997 324 2037 nem
349 1969 773 2055 crassipedem
797 1968 1022 2040 Rossii,
1060 1967 1171 2050 qui
1198 1979 1406 2027 autem
1431 1966 1644 2050 potius
1671 1966 1953 2048 Pimplae

184 2070 501 2134 flavicanti
525 2067 884 2150 respondet.
941 2118 953 2119 ⁷⁷

315 2171 580 2250 Propter
602 2164 909 2224 abdomen
935 2162 1178 2243 apicem
1202 2181 1420 2220 versus
1455 2158 1772 2220 interdum
1810 2158 1954 2218 sub-

189 2285 616 2350 compressum
628 2261 783 2322 haec
809 2259 1047 2342 species
1072 2279 1270 2341 prope
1295 2257 1538 2317 accedit
1562 2259 1637 2317 ad
1651 2258 1954 2317 familiam

192 2364 526 2428 secundam
549 2361 935 2446 Ophionam,
950 2371 1014 2419 et
1038 2356 1291 2444 quidem
1314 2355 1599 2440 proxime
1625 2356 1701 2415 ad
1716 2356 1955 2439 Ophio-

192 2487 329 2528 nem
362 2465 429 2527 V
428 2464 655 2525 mulae

322 2561 629 2625 Conferre
654 2559 811 2622 velis
841 2578 1074 2694 speclei
1101 2577 1165 2617 se
1181 2583 1201 2641 οἸ

1209 2553 1420 2651 uentis
1445 2552 1832 2654 varietatem.

1122 2673 1147 2701 ι·
1174 2659 1225 2705 ,τὲ
1302 2666 1332 2705 f,
1519 2664 1525 2669 ’

908 2751 912 2752 ⁷
978 2714 1013 2766 fif*
1597 2723 1617 2757 s.

690 2834 772 2884 18.
834 2720 957 2876 {⁴5
966 2756 1335 2876 PALLIDUS.
1407 2837 1463 2872 n.

529 2964 1083 3030 Pallidest1amineus‚
1124 2958 1298 3014 oculis
1323 2956 1621 3025 ocellisque
1642 2953 1835 3025 nigris.
1882 2971 1956 3004 m.

327 3139 605 3200 Statura
640 3148 704 3195 et
734 3133 1064 3217 proportio
1090 3131 1362 3220 partium
1397 3127 1561 3186 sicut
1595 3124 1660 3185 in
1683 3122 1956 3196 maribus
2062 3188 2063 3193 ἵ

200 3237 549 3299 minoribus
574 3233 804 3360 speciei
831 3230 1282 3300 antecedentis;
1311 3225 1418 3288 sed
1434 3220 1745 3306 segmenti
1769 3219 1955 3306 primi
2061 3242 2063 3298 g
