2063 3653
594 135 758 175 mm.
810 123 893 186 ΙΙ,
945 135 1132 177 ssscT.
1185 135 1241 173 v.
1720 115 1847 178 567

70 270 270 330 nicata
316 273 476 328 sunt.
572 269 971 338 Individuum
1008 282 1324 330 etruscum
1359 266 1692 327 maximum
1731 281 1844 339 est,

72 368 290 429 aculeo
331 379 539 427 autem
587 367 975 429 brevissimo,

594 550 1030 632 Synonyma
1079 551 1335 612 maiis:

69 662 244 726 Ichn.
282 663 594 726 titillator
643 662 822 724 Linn
875 663 1116 735 Fauna,
1176 689 1233 726 n.
1297 671 1477 728 1611
1538 697 1624 710 --
1681 665 1840 746 Syst.

403 761 526 823 XII
562 783 622 843 p.
677 767 830 835 934,
881 786 937 823 n.
990 763 1089 827 35.

148 908 184 932 ,‚
279 859 457 920 Fabr.
500 862 659 943 Syst.
702 882 762 943 p.
814 869 966 933 337,
1027 885 1084 922 n.
1137 863 1237 926 56.
1288 896 1374 908 ·—-
1420 859 1560 921 Eut.
1603 881 1664 943 p.
1703 866 1842 932 167,

401 983 461 1021 11.
519 965 656 1023 140.

149 1105 183 1129 ,,
277 1059 519 1122 Fuessl.
563 1059 744 1120 Helv.
784 1081 844 1140 p.
889 1063 998 1129 49,
1041 1082 1097 1117 n.
1131 1059 1282 1128 9593
1332 1057 1497 1115 haud
1525 1057 1839 1139 frequens.

149 1205 184 1228 ,‚
277 1157 459 1218 Mull.
500 1159 744 1240 produ,
786 1180 842 1215 n.
890 1163 1074 1217 1812.

150 1303 183 1326 ,‚
277 1253 547 1315 Schrank
586 1258 826 1324 Austr.,
875 1275 932 1312 n.
979 1259 1136 1323 7233
1184 1252 1389 1312 lectus
1423 1250 1525 1312 die
1552 1259 1636 1315 22
1661 1252 1838 1334 Maji.

144 1401 178 1426 ‚‚
273 1352 482 1413 Gmel.
526 1352 622 1413 ed.
664 1352 846 1413 Linn.
890 1373 948 1435 p.
992 1356 1187 1425 2692,
1239 1376 1296 1414 n.
1339 1354 1439 1415 35.

144 1499 177 1524 „
270 1449 507 1512 Villers
555 1474 616 1535 p.
676 1455 824 1525 168,
875 1474 932 1510 11.
995 1458 1111 1513 101
1166 1451 1419 1530 (auctor
1465 1449 1844 1534 additzfoe-

398 1556 569 1611 mina
627 1554 852 1631 nigra,
921 1551 1146 1612 aculeo
1207 1550 1607 1621 brevissime,
1673 1550 1843 1631 quod

398 1670 543 1708 cum
581 1662 789 1709 nostra
827 1647 1268 1708 observatione
1295 1647 1461 1708 haud
1487 1648 1836 1729 convenit).

147 1796 181 1820 ‚‚
273 1746 450 1806 Rossi
500 1745 629 1825 (ed.
682 1748 775 1826 ΙΙ)
825 1748 916 1817 ΙΙ,
966 1769 1023 1804 n.
1077 1751 1221 1809 769.

149 1893 184 1916 ‚,
276 1844 492 1904 Christ
527 1867 586 1925 p.
635 1851 777 1907 371.

148 1992 181 2016 ‚‚
275 1940 520 2002 Olivier
552 1964 612 2023 p.
657 1948 804 2012 188,
867 1964 923 2002 n.
980 1945 1118 2004 124.

147 2089 181 2115 ,,
271 2039 693 2103 Walckenaer
728 2061 790 2121 p.
837 2046 942 2111 60,
993 2063 1050 2100 n.
1102 2042 1203 2102 58.

147 2186 182 2211 ‚,
275 2138 578 2199 Latreille
615 2139 822 2200 Crust.
865 2137 1053 2211 XIII,
1101 2162 1161 2221 p.
1210 2145 1359 2210 188,
1410 2163 1466 2200 n.
1521 2143 1619 2203 35.

64 2244 352 2323 Cryptus
388 2240 698 2301 titillator
744 2237 923 2298 Fabr.
977 2239 1138 2299 Piez.
1191 2259 1251 2320 p.
1307 2244 1417 2310 86,
1489 2262 1546 2300 n.
1601 2245 1710 2311 68;
1774 2242 1840 2303 in

401 2336 690 2419 Europae
735 2337 1112 2398 nemoribus,

63 2438 238 2500 Ichn.
280 2439 616 2516 elongator
649 2457 773 2497 var.
813 2458 853 2497 a
904 2437 1200 2516 Trentep.
1248 2434 1312 2494 in
1362 2435 1525 2497 Iside
1567 2444 1730 2501 1826
1774 2462 1833 2520 p.

280 2599 283 2601 ,
400 2540 527 2599 224
556 2534 755 2615 (conf.
794 2535 935 2616 Syn.
973 2535 1049 2595 ad
1076 2532 1319 2618 Tryph.
1350 2537 1836 2617 elongatorem).

485 2717 707 2776 Nota:

155 2839 206 2893 1.
273 2828 578 2890 Conferre
627 2828 785 2890 velis
827 2840 1003 2888 notas
1053 2829 1128 2887 ad
1172 2827 1582 2910 Tryphonem
1614 2849 1841 2890 ,nemo-

70 2932 302 3000 mletrz,
341 2953 397 2988 n.
448 2932 562 2999 42,
609 2941 671 2987 et
707 2927 782 2985 ad
835 2926 1109 3008 speciem
1145 2926 1636 2986 antecedentem.
1733 2927 1837 2987 In-

67 3027 388 3086 dividuum
485 3025 1095 3107 pichelsbergianum
1200 3023 1516 3085 varietatis
1601 3024 1839 3106 primae
1919 3024 1930 3031 ’

70 3125 433 3185 titillatoris
486 3137 701 3184 exacte
754 3123 1028 3198 medium
1089 3135 1260 3183 tenet
1312 3121 1475 3182 inter
1537 3121 1706 3183 hunc
1779 3138 1841 3183 et

69 3223 354 3293 attalem,
411 3221 694 3283 antennis
749 3221 1153 3284 crassioribus
1205 3221 1367 3283 enim
1419 3221 1609 3304 magis
1665 3225 1843 3286 anati
