2047 3637
159 170 283 227 488
871 181 1196 221 canTus

156 316 428 379 Labium
452 317 640 387 breve
667 334 963 376 corneum
1002 310 1449 393 cylindricum,
1497 313 1674 394 apice
1702 335 1922 396 parum

156 415 726 483 membranaceum,
776 410 1180 470 rotundatum
1206 409 1538 492 integrum.
1586 447 1673 457 —

281 620 342 676 2.
392 607 645 690 Scopoli
682 619 744 667 et
767 605 947 667 Rossi
984 605 1299 669 terebram
1325 607 1793 691 descripserunt
1817 631 1920 671 va-

154 710 317 792 ginis
367 707 748 777 hrevioren13
808 705 873 765 in
920 705 1151 782 nostris
1210 713 1433 767 autem
1476 706 1921 790 speciminibus

154 808 398 870 terebra
424 804 819 887 longitudine
846 804 1208 886 vaginarum
1238 818 1351 866 est.

284 1012 343 1068 3.
404 1003 704 1086 Scopolio
761 1002 950 1084 hujus
1009 1003 1246 1085 speciei
1295 1024 1495 1064 mares
1541 1015 1606 1064 et
1651 1003 1922 1065 feminae

51 1122 55 1125 “
150 1102 499 1186 prodibant
531 1125 562 1163 e
596 1101 748 1164 nido
781 1100 1427 1185 Sphegis‘spirificz‘5‚
1468 1123 1594 1185 quo
1631 1097 1922 1163 inductus

153 1213 373 1262 auctor
418 1200 874 1282 suspicabatur,
932 1200 1100 1260 hunc
1148 1201 1458 1284 Sphegem
1504 1214 1567 1262 et
1613 1202 1923 1284 Cryptum

153 1311 438 1360 nostrum
473 1299 549 1358 ad
586 1321 770 1358 unam
805 1299 1192 1381 eandemque
1229 1300 1505 1382 speciem
1532 1299 1922 1382 redigendos,

144 1397 462 1481 'Sphegem
508 1419 734 1480 nempe
775 1419 1035 1469 marem,
1096 1398 1320 1479 Crypti
1377 1398 1577 1457 nostri
1625 1399 1924 1459 feminam

152 1493 342 1575 hujus
377 1494 673 1555 feminam
707 1515 870 1567 esse,
918 1495 1147 1578 quibus
1176 1519 1210 1554 a
1235 1507 1455 1555 natura
1477 1495 1736 1555 tertium
1761 1496 1923 1555 indi-

152 1592 416 1654 viduum
443 1605 737 1652 neutrum
776 1593 935 1670 (mas
973 1594 1173 1653 nostri
1202 1593 1459 1675 Crypti)
1493 1595 1924 1654 consociatum

153 1691 254 1763 sit,
280 1703 350 1751 ut
372 1690 439 1750 in
465 1689 683 1771 apibus
711 1702 775 1750 et
794 1690 1097 1751 formicis,
1144 1726 1233 1736 ——
1275 1693 1453 1751 Patet
1479 1705 1704 1764 autem,
1731 1692 1840 1774 huj
1852 1716 1922 1753 us

155 1788 381 1871 Crypti
431 1789 631 1848 larvas
673 1788 739 1848 in
782 1788 973 1850 larvis
1020 1787 1283 1871 Sphegis
1331 1788 1624 1870 spirificis
1660 1791 1920 1872 degisse,

151 1887 379 1947 deinde
401 1906 552 1948 vero
581 1885 647 1945 in
668 1885 817 1946 nido
842 1886 1105 1970 Sphegis
1133 1887 1271 1967 ipso
1297 1886 1713 1947 mutationem
1737 1888 1802 1947 in
1829 1889 1927 1950 in-

154 1997 393 2048 seetum
425 1985 810 2047 declaratum
845 1985 1126 2048 subiisse.

281 2188 339 2247 4.
400 2182 709 2266 Sphegem
763 2184 1028 2244 citatum
1083 2182 1365 2264 Scopolii
1414 2181 1679 2261 (marem
1726 2186 1924 2246 nostri

156 2280 416 2362 Crypti)
460 2283 637 2340 Rossi
695 2283 772 2340 ad
829 2281 1006 2343 Ichn.
1055 2279 1554 2357 circumfleoeum
1607 2280 1923 2356 adhibuit‘3

157 2378 266 2439 sed
295 2377 401 2438 hic
433 2379 633 2439 Rossii
665 2379 843 2441 Ichn.
880 2378 1342 2456 circumflexus
1380 2402 1495 2440 nec
1529 2380 1606 2440 ad
1641 2394 1925 2442 nostrum

157 2479 494 2559 Cryptum‚
543 2499 659 2538 nec
703 2478 778 2537 ad
816 2478 1167 2561 Ophionem
1204 2477 1697 2555 circumflexum
1733 2481 1784 2539 F
1789 2481 1917 2542 abr.

156 2576 448 2657 quadrat,
495 2576 836 2658 potiusque
872 2598 1014 2637 cum
1037 2570 1254 2638 nostro
1288 2578 1468 2639 Ichn.
1510 2579 1923 2661 infractione,

156 2696 216 2733 n.
249 2679 397 2746 140,
443 2696 630 2757 quem
653 2674 943 2736 conferre
965 2675 1154 2748 velis,
1202 2675 1502 2757 conjungi
1540 2677 1745 2736 debet.

281 2773 460 2835 Iclm.
494 2773 897 2836 seductorius
928 2787 992 2835 et
1036 2776 1215 2837 Ichn.
1251 2774 1554 2837 seductor
1600 2774 1923 2857 (Cryptus

154 2871 456 2933 seductor
491 2873 540 2931 F
545 2873 670 2932 abr.
706 2895 783 2933 ex
817 2872 1132 2955 America)
1167 2873 1413 2936 Thunb.
1447 2873 1618 2934 Ichn,
1660 2896 1715 2933 n.
1749 2875 1830 2936 65
1857 2886 1921 2936 et

164 2975 309 3039 161,
360 2969 481 3031 huc
509 2993 635 3031 non
672 2983 973 3055 spectant.
