<?xml version="1.0" encoding="UTF-8"?>
<!DOCTYPE html PUBLIC "-//W3C//DTD XHTML 1.0 Transitional//EN"
    "http://www.w3.org/TR/xhtml1/DTD/xhtml1-transitional.dtd">
<html xmlns="http://www.w3.org/1999/xhtml" xml:lang="en" lang="en">
 <head>
  <title>
</title>
<meta http-equiv="Content-Type" content="text/html;charset=utf-8" />
  <meta name='ocr-system' content='tesseract 3.04.00' />
  <meta name='ocr-capabilities' content='ocr_page ocr_carea ocr_par ocr_line ocrx_word'/>
</head>
<body>
  <div class='ocr_page' id='page_1' title='image "./ichneumonologiae02grav_0151.png"; bbox 0 0 2063 3653; ppageno 0'>
   <div class='ocr_carea' id='block_1_1' title="bbox 626 121 1822 187">
    <p class='ocr_par' dir='ltr' id='par_1_1' title="bbox 626 121 1822 187">
     <span class='ocr_line' id='line_1_1' title="bbox 626 121 1822 187; baseline 0.003 -11"><span class='ocrx_word' id='word_1_1' title='bbox 626 137 791 177; x_wconf 76' lang='lat' dir='ltr'><strong>FAM.</strong></span> <span class='ocrx_word' id='word_1_2' title='bbox 841 123 922 187; x_wconf 89' lang='lat' dir='ltr'>II,</span> <span class='ocrx_word' id='word_1_3' title='bbox 971 135 1159 176; x_wconf 71' lang='lat' dir='ltr'>ssscr.</span> <span class='ocrx_word' id='word_1_4' title='bbox 1213 137 1252 173; x_wconf 84' lang='lat'>1.</span> <span class='ocrx_word' id='word_1_5' title='bbox 1694 121 1822 180; x_wconf 80' lang='lat'>143</span> 
     </span>
    </p>
   </div>
   <div class='ocr_carea' id='block_1_2' title="bbox 61 267 1832 1043">
    <p class='ocr_par' dir='ltr' id='par_1_2' title="bbox 61 267 1832 1043">
     <span class='ocr_line' id='line_1_2' title="bbox 190 267 1824 356; baseline -0.003 -19"><span class='ocrx_word' id='word_1_6' title='bbox 190 276 516 356; x_wconf 85' lang='lat' dir='ltr'>Quaedam</span> <span class='ocrx_word' id='word_1_7' title='bbox 542 271 882 344; x_wconf 87' lang='lat' dir='ltr'>individua,</span> <span class='ocrx_word' id='word_1_8' title='bbox 911 268 1207 330; x_wconf 66' lang='lat' dir='ltr'>“mascula</span> <span class='ocrx_word' id='word_1_9' title='bbox 1232 280 1296 329; x_wconf 89' lang='lat' dir='ltr'>et</span> <span class='ocrx_word' id='word_1_10' title='bbox 1317 267 1637 344; x_wconf 83' lang='lat' dir='ltr'>feminina,</span> <span class='ocrx_word' id='word_1_11' title='bbox 1685 270 1824 355; x_wconf 85' lang='lat' dir='ltr'>cepi</span> 
     </span>
     <span class='ocr_line' id='line_1_3' title="bbox 63 367 1827 455; baseline -0.003 -20"><span class='ocrx_word' id='word_1_12' title='bbox 63 397 277 437; x_wconf 88' lang='lat' dir='ltr'>mense</span> <span class='ocrx_word' id='word_1_13' title='bbox 322 372 498 455; x_wconf 90' lang='lat' dir='ltr'>Majo</span> <span class='ocrx_word' id='word_1_14' title='bbox 544 371 609 431; x_wconf 89' lang='lat' dir='ltr'>in</span> <span class='ocrx_word' id='word_1_15' title='bbox 652 368 968 430; x_wconf 81' lang='lat' dir='ltr'>fruticetis</span> <span class='ocrx_word' id='word_1_16' title='bbox 1029 368 1193 428; x_wconf 88' lang='lat' dir='ltr'>circa</span> <span class='ocrx_word' id='word_1_17' title='bbox 1244 367 1657 450; x_wconf 82' lang='lat' dir='ltr'>Gottingam,</span> <span class='ocrx_word' id='word_1_18' title='bbox 1713 392 1827 430; x_wconf 90' lang='lat' dir='ltr'>nec</span> 
     </span>
     <span class='ocr_line' id='line_1_4' title="bbox 61 466 1829 541; baseline -0.005 -6"><span class='ocrx_word' id='word_1_19' title='bbox 61 494 213 536; x_wconf 77' lang='lat' dir='ltr'>vero</span> <span class='ocrx_word' id='word_1_20' title='bbox 255 494 455 534; x_wconf 88' lang='lat' dir='ltr'>mares</span> <span class='ocrx_word' id='word_1_21' title='bbox 502 492 645 529; x_wconf 88' lang='lat' dir='ltr'>cum</span> <span class='ocrx_word' id='word_1_22' title='bbox 689 467 940 529; x_wconf 86' lang='lat' dir='ltr'>feminis</span> <span class='ocrx_word' id='word_1_23' title='bbox 986 466 1208 527; x_wconf 88' lang='lat' dir='ltr'>eodem</span> <span class='ocrx_word' id='word_1_24' title='bbox 1254 467 1398 526; x_wconf 93' lang='lat' dir='ltr'>loco</span> <span class='ocrx_word' id='word_1_25' title='bbox 1442 479 1508 527; x_wconf 88' lang='lat' dir='ltr'>et</span> <span class='ocrx_word' id='word_1_26' title='bbox 1538 468 1669 541; x_wconf 85' lang='lat' dir='ltr'>die,</span> <span class='ocrx_word' id='word_1_27' title='bbox 1720 469 1829 529; x_wconf 80' lang='lat' dir='ltr'>sed</span> 
     </span>
     <span class='ocr_line' id='line_1_5' title="bbox 65 565 1832 648; baseline -0.003 -15"><span class='ocrx_word' id='word_1_28' title='bbox 65 573 233 632; x_wconf 93' lang='lat' dir='ltr'>solos</span> <span class='ocrx_word' id='word_1_29' title='bbox 258 591 457 632; x_wconf 85' lang='lat' dir='ltr'>mares</span> <span class='ocrx_word' id='word_1_30' title='bbox 483 569 586 628; x_wconf 89' lang='lat' dir='ltr'>die</span> <span class='ocrx_word' id='word_1_31' title='bbox 610 575 693 630; x_wconf 74' lang='lat'>20</span> <span class='ocrx_word' id='word_1_32' title='bbox 715 565 874 648; x_wconf 88' lang='lat' dir='ltr'>Maji</span> <span class='ocrx_word' id='word_1_33' title='bbox 898 565 964 624; x_wconf 90' lang='lat' dir='ltr'>in</span> <span class='ocrx_word' id='word_1_34' title='bbox 987 565 1132 625; x_wconf 91' lang='lat' dir='ltr'>loco</span> <span class='ocrx_word' id='word_1_35' title='bbox 1155 565 1396 638; x_wconf 81' lang='lat' dir='ltr'>altiore,</span> <span class='ocrx_word' id='word_1_36' title='bbox 1424 566 1589 626; x_wconf 88' lang='lat' dir='ltr'>circa</span> <span class='ocrx_word' id='word_1_37' title='bbox 1613 567 1832 628; x_wconf 79' lang='lat' dir='ltr'>Kochs</span> 
     </span>
     <span class='ocr_line' id='line_1_6' title="bbox 63 663 1831 745; baseline -0.003 -16"><span class='ocrx_word' id='word_1_38' title='bbox 63 671 252 741; x_wconf 80' lang='lat' dir='ltr'>Lust‚</span> <span class='ocrx_word' id='word_1_39' title='bbox 299 668 563 728; x_wconf 86' lang='lat' dir='ltr'>feminas</span> <span class='ocrx_word' id='word_1_40' title='bbox 605 678 811 726; x_wconf 89' lang='lat' dir='ltr'>autem</span> <span class='ocrx_word' id='word_1_41' title='bbox 847 665 949 725; x_wconf 84' lang='lat' dir='ltr'>die</span> <span class='ocrx_word' id='word_1_42' title='bbox 985 671 1067 726; x_wconf 74' lang='lat'>26</span> <span class='ocrx_word' id='word_1_43' title='bbox 1097 663 1256 745; x_wconf 80' lang='lat' dir='ltr'>Maji</span> <span class='ocrx_word' id='word_1_44' title='bbox 1294 664 1358 724; x_wconf 89' lang='lat' dir='ltr'>in</span> <span class='ocrx_word' id='word_1_45' title='bbox 1392 664 1580 725; x_wconf 91' lang='lat' dir='ltr'>horto</span> <span class='ocrx_word' id='word_1_46' title='bbox 1607 667 1831 726; x_wconf 89' lang='lat' dir='ltr'>subur-</span> 
     </span>
     <span class='ocr_line' id='line_1_7' title="bbox 63 762 1832 847; baseline -0.002 -20"><span class='ocrx_word' id='word_1_47' title='bbox 63 769 246 828; x_wconf 81' lang='lat' dir='ltr'>bano,</span> <span class='ocrx_word' id='word_1_48' title='bbox 337 767 578 825; x_wconf 85' lang='lat' dir='ltr'>Marem</span> <span class='ocrx_word' id='word_1_49' title='bbox 621 765 786 824; x_wconf 90' lang='lat' dir='ltr'>circa</span> <span class='ocrx_word' id='word_1_50' title='bbox 838 762 1273 826; x_wconf 79' lang='lat' dir='ltr'>Warmbrumz</span> <span class='ocrx_word' id='word_1_51' title='bbox 1319 776 1600 847; x_wconf 89' lang='lat' dir='ltr'>captum,</span> <span class='ocrx_word' id='word_1_52' title='bbox 1648 765 1832 825; x_wconf 86' lang='lat' dir='ltr'>femi-</span> 
     </span>
     <span class='ocr_line' id='line_1_8' title="bbox 65 861 1829 947; baseline 0.001 -22"><span class='ocrx_word' id='word_1_53' title='bbox 65 886 298 946; x_wconf 86' lang='lat' dir='ltr'>nasque</span> <span class='ocrx_word' id='word_1_54' title='bbox 318 864 551 947; x_wconf 86' lang='lat' dir='ltr'>plures,</span> <span class='ocrx_word' id='word_1_55' title='bbox 601 861 834 922; x_wconf 86' lang='lat' dir='ltr'>ibidem</span> <span class='ocrx_word' id='word_1_56' title='bbox 856 884 971 923; x_wconf 89' lang='lat' dir='ltr'>nec</span> <span class='ocrx_word' id='word_1_57' title='bbox 997 883 1123 922; x_wconf 89' lang='lat' dir='ltr'>non</span> <span class='ocrx_word' id='word_1_58' title='bbox 1146 861 1312 922; x_wconf 90' lang='lat' dir='ltr'>circa</span> <span class='ocrx_word' id='word_1_59' title='bbox 1337 861 1620 944; x_wconf 82' lang='lat' dir='ltr'>Zobten,</span> <span class='ocrx_word' id='word_1_60' title='bbox 1670 865 1741 928; x_wconf 91' lang='lat' dir='ltr'><em>V</em></span> <span class='ocrx_word' id='word_1_61' title='bbox 1738 871 1829 926; x_wconf 85' lang='lat' dir='ltr'>in-</span> 
     </span>
     <span class='ocr_line' id='line_1_9' title="bbox 66 961 1322 1043; baseline -0.004 -17"><span class='ocrx_word' id='word_1_62' title='bbox 66 962 383 1026; x_wconf 79' lang='lat' dir='ltr'>dobonam</span> <span class='ocrx_word' id='word_1_63' title='bbox 408 976 472 1025; x_wconf 88' lang='lat' dir='ltr'>et</span> <span class='ocrx_word' id='word_1_64' title='bbox 502 961 790 1023; x_wconf 78' lang='lat' dir='ltr'>Genuam</span> <span class='ocrx_word' id='word_1_65' title='bbox 815 961 1037 1033; x_wconf 87' lang='lat' dir='ltr'>lectas,</span> <span class='ocrx_word' id='word_1_66' title='bbox 1087 961 1322 1043; x_wconf 85' lang='lat' dir='ltr'>accepi.</span> 
     </span>
    </p>
   </div>
   <div class='ocr_carea' id='block_1_3' title="bbox 745 1128 1136 1187">
    <p class='ocr_par' dir='ltr' id='par_1_3' title="bbox 745 1128 1136 1187">
     <span class='ocr_line' id='line_1_10' title="bbox 745 1128 1136 1187; baseline -0.005 0"><span class='ocrx_word' id='word_1_67' title='bbox 745 1128 1136 1187; x_wconf 87' lang='lat' dir='ltr'>Varietas:</span> 
     </span>
    </p>
   </div>
   <div class='ocr_carea' id='block_1_4' title="bbox 64 1237 1835 1618">
    <p class='ocr_par' dir='ltr' id='par_1_4' title="bbox 65 1237 1833 1421">
     <span class='ocr_line' id='line_1_11' title="bbox 199 1237 1833 1319; baseline -0.001 -15"><span class='ocrx_word' id='word_1_68' title='bbox 199 1251 252 1305; x_wconf 91' lang='lat'>1.</span> <span class='ocrx_word' id='word_1_69' title='bbox 323 1241 599 1302; x_wconf 76' lang='lat' dir='ltr'>Scutelli</span> <span class='ocrx_word' id='word_1_70' title='bbox 649 1243 830 1319; x_wconf 72' lang='lat' dir='ltr'>apice</span> <span class='ocrx_word' id='word_1_71' title='bbox 876 1237 1040 1299; x_wconf 80' lang='lat' dir='ltr'>albo,</span> <span class='ocrx_word' id='word_1_72' title='bbox 1098 1261 1178 1298; x_wconf 90' lang='lat' dir='ltr'>m.</span> <span class='ocrx_word' id='word_1_73' title='bbox 1238 1273 1324 1284; x_wconf 89' lang='lat'>—</span> <span class='ocrx_word' id='word_1_74' title='bbox 1381 1241 1643 1301; x_wconf 80' lang='lat' dir='ltr'>Caetera</span> <span class='ocrx_word' id='word_1_75' title='bbox 1689 1264 1833 1304; x_wconf 88' lang='lat' dir='ltr'>cum</span> 
     </span>
     <span class='ocr_line' id='line_1_12' title="bbox 65 1339 972 1421; baseline -0.003 -21"><span class='ocrx_word' id='word_1_76' title='bbox 65 1362 234 1401; x_wconf 83' lang='lat' dir='ltr'>mare</span> <span class='ocrx_word' id='word_1_77' title='bbox 280 1339 552 1421; x_wconf 83' lang='lat' dir='ltr'>genuino</span> <span class='ocrx_word' id='word_1_78' title='bbox 599 1348 972 1418; x_wconf 79' lang='lat' dir='ltr'>congruunt.</span> 
     </span>
    </p>

    <p class='ocr_par' dir='ltr' id='par_1_5' title="bbox 64 1436 1835 1618">
     <span class='ocr_line' id='line_1_13' title="bbox 191 1436 1835 1521; baseline 0.002 -23"><span class='ocrx_word' id='word_1_79' title='bbox 191 1440 329 1498; x_wconf 95' lang='lat' dir='ltr'>Hoc</span> <span class='ocrx_word' id='word_1_80' title='bbox 375 1436 771 1497; x_wconf 85' lang='lat' dir='ltr'>individuum</span> <span class='ocrx_word' id='word_1_81' title='bbox 816 1458 960 1496; x_wconf 91' lang='lat' dir='ltr'>cum</span> <span class='ocrx_word' id='word_1_82' title='bbox 1013 1437 1289 1498; x_wconf 83' lang='lat' dir='ltr'>maribus</span> <span class='ocrx_word' id='word_1_83' title='bbox 1334 1440 1620 1521; x_wconf 83' lang='lat' dir='ltr'>genuinis</span> <span class='ocrx_word' id='word_1_84' title='bbox 1669 1442 1835 1502; x_wconf 87' lang='lat' dir='ltr'>circa</span> 
     </span>
     <span class='ocr_line' id='line_1_14' title="bbox 64 1538 904 1618; baseline -0.007 -17"><span class='ocrx_word' id='word_1_85' title='bbox 64 1538 279 1601; x_wconf 80' lang='lat' dir='ltr'>Kochs</span> <span class='ocrx_word' id='word_1_86' title='bbox 301 1538 464 1598; x_wconf 80' lang='lat' dir='ltr'>Lust</span> <span class='ocrx_word' id='word_1_87' title='bbox 501 1548 756 1618; x_wconf 83' lang='lat' dir='ltr'>captum</span> <span class='ocrx_word' id='word_1_88' title='bbox 790 1548 904 1597; x_wconf 90' lang='lat' dir='ltr'>est.</span> 
     </span>
    </p>
   </div>
   <div class='ocr_carea' id='block_1_5' title="bbox 397 1707 624 1767">
    <p class='ocr_par' dir='ltr' id='par_1_6' title="bbox 397 1707 624 1767">
     <span class='ocr_line' id='line_1_15' title="bbox 397 1707 624 1767; baseline -0.004 -2"><span class='ocrx_word' id='word_1_89' title='bbox 397 1707 624 1767; x_wconf 86' lang='lat' dir='ltr'>Nota:</span> 
     </span>
    </p>
   </div>
   <div class='ocr_carea' id='block_1_6' title="bbox 0 1818 1844 2606">
    <p class='ocr_par' dir='ltr' id='par_1_7' title="bbox 191 1818 1838 1902">
     <span class='ocr_line' id='line_1_16' title="bbox 191 1818 1838 1902; baseline 0.005 -27"><span class='ocrx_word' id='word_1_90' title='bbox 191 1818 327 1876; x_wconf 88' lang='lat' dir='ltr'>Mas</span> <span class='ocrx_word' id='word_1_91' title='bbox 375 1818 597 1877; x_wconf 87' lang='lat' dir='ltr'>unicus</span> <span class='ocrx_word' id='word_1_92' title='bbox 643 1838 842 1899; x_wconf 84' lang='lat' dir='ltr'>prope</span> <span class='ocrx_word' id='word_1_93' title='bbox 876 1818 1307 1879; x_wconf 87' lang='lat' dir='ltr'>Warmbrunn</span> <span class='ocrx_word' id='word_1_94' title='bbox 1356 1833 1576 1902; x_wconf 88' lang='lat' dir='ltr'>captus</span> <span class='ocrx_word' id='word_1_95' title='bbox 1623 1823 1838 1884; x_wconf 78' lang='lat' dir='ltr'>differt</span> 
     </span>
    </p>

    <p class='ocr_par' dir='ltr' id='par_1_8' title="bbox 68 1914 1837 1998">
     <span class='ocr_line' id='line_1_17' title="bbox 68 1914 1837 1998; baseline 0.005 -23"><span class='ocrx_word' id='word_1_96' title='bbox 68 1939 100 1975; x_wconf 88' lang='lat' dir='ltr'>a</span> <span class='ocrx_word' id='word_1_97' title='bbox 126 1914 388 1997; x_wconf 87' lang='lat' dir='ltr'>reliquis</span> <span class='ocrx_word' id='word_1_98' title='bbox 423 1917 696 1976; x_wconf 88' lang='lat' dir='ltr'>maribus</span> <span class='ocrx_word' id='word_1_99' title='bbox 733 1914 1069 1998; x_wconf 85' lang='lat' dir='ltr'>parvitate,</span> <span class='ocrx_word' id='word_1_100' title='bbox 1119 1930 1529 1979; x_wconf 83' lang='lat' dir='ltr'>antennarum</span> <span class='ocrx_word' id='word_1_101' title='bbox 1553 1923 1837 1997; x_wconf 71' lang='lat' dir='ltr'>articuljs</span> 
     </span>
    </p>

    <p class='ocr_par' dir='ltr' id='par_1_9' title="bbox 75 2013 1840 2096">
     <span class='ocr_line' id='line_1_18' title="bbox 75 2013 1840 2096; baseline 0.003 -20"><span class='ocrx_word' id='word_1_102' title='bbox 75 2022 104 2076; x_wconf 91' lang='lat'>1</span> <span class='ocrx_word' id='word_1_103' title='bbox 125 2013 410 2076; x_wconf 73' lang='lat' dir='ltr'>et2totis</span> <span class='ocrx_word' id='word_1_104' title='bbox 437 2015 650 2096; x_wconf 81' lang='lat' dir='ltr'>nigriS,</span> <span class='ocrx_word' id='word_1_105' title='bbox 667 2036 783 2074; x_wconf 87' lang='lat' dir='ltr'>nec</span> <span class='ocrx_word' id='word_1_106' title='bbox 809 2035 934 2073; x_wconf 92' lang='lat' dir='ltr'>non</span> <span class='ocrx_word' id='word_1_107' title='bbox 957 2028 1196 2095; x_wconf 88' lang='lat' dir='ltr'>puncto</span> <span class='ocrx_word' id='word_1_108' title='bbox 1225 2016 1369 2076; x_wconf 88' lang='lat' dir='ltr'>albo</span> <span class='ocrx_word' id='word_1_109' title='bbox 1394 2018 1554 2079; x_wconf 87' lang='lat' dir='ltr'>infra</span> <span class='ocrx_word' id='word_1_110' title='bbox 1578 2022 1705 2081; x_wconf 88' lang='lat' dir='ltr'>alas</span> <span class='ocrx_word' id='word_1_111' title='bbox 1731 2023 1840 2082; x_wconf 89' lang='lat' dir='ltr'>de-</span> 
     </span>
    </p>

    <p class='ocr_par' dir='ltr' id='par_1_10' title="bbox 68 2111 1835 2194">
     <span class='ocr_line' id='line_1_19' title="bbox 68 2111 1835 2194; baseline 0.006 -23"><span class='ocrx_word' id='word_1_112' title='bbox 68 2113 348 2183; x_wconf 86' lang='lat' dir='ltr'>ficiente,</span> <span class='ocrx_word' id='word_1_113' title='bbox 397 2111 623 2194; x_wconf 86' lang='lat' dir='ltr'>hisque</span> <span class='ocrx_word' id='word_1_114' title='bbox 648 2113 812 2171; x_wconf 92' lang='lat' dir='ltr'>notis</span> <span class='ocrx_word' id='word_1_115' title='bbox 841 2113 1036 2192; x_wconf 83' lang='lat' dir='ltr'>magis</span> <span class='ocrx_word' id='word_1_116' title='bbox 1072 2135 1216 2173; x_wconf 88' lang='lat' dir='ltr'>cum</span> <span class='ocrx_word' id='word_1_117' title='bbox 1240 2114 1490 2176; x_wconf 88' lang='lat' dir='ltr'>feminis</span> <span class='ocrx_word' id='word_1_118' title='bbox 1518 2122 1835 2181; x_wconf 87' lang='lat' dir='ltr'>convenit.</span> 
     </span>
    </p>

    <p class='ocr_par' dir='ltr' id='par_1_11' title="bbox 193 2209 1844 2292">
     <span class='ocr_line' id='line_1_20' title="bbox 193 2209 1844 2292; baseline 0.006 -22"><span class='ocrx_word' id='word_1_119' title='bbox 193 2209 499 2284; x_wconf 84' lang='lat' dir='ltr'>VarietaS‚</span> <span class='ocrx_word' id='word_1_120' title='bbox 529 2210 782 2271; x_wconf 86' lang='lat' dir='ltr'>scutelli</span> <span class='ocrx_word' id='word_1_121' title='bbox 807 2211 985 2292; x_wconf 87' lang='lat' dir='ltr'>apice</span> <span class='ocrx_word' id='word_1_122' title='bbox 1012 2211 1172 2282; x_wconf 79' lang='lat' dir='ltr'>albo,</span> <span class='ocrx_word' id='word_1_123' title='bbox 1188 2214 1463 2273; x_wconf 87' lang='lat' dir='ltr'>medium</span> <span class='ocrx_word' id='word_1_124' title='bbox 1478 2227 1653 2278; x_wconf 86' lang='lat' dir='ltr'>tenet</span> <span class='ocrx_word' id='word_1_125' title='bbox 1677 2220 1844 2280; x_wconf 86' lang='lat' dir='ltr'>inter</span> 
     </span>
    </p>

    <p class='ocr_par' dir='ltr' id='par_1_12' title="bbox 0 2309 1840 2393">
     <span class='ocr_line' id='line_1_21' title="bbox 0 2309 1840 2393; baseline 0.004 -22"><span class='ocrx_word' id='word_1_126' title='bbox 0 2327 25 2371; x_wconf 50' lang='grc' dir='ltr'>τ’</span> <span class='ocrx_word' id='word_1_127' title='bbox 66 2309 408 2389; x_wconf 87' lang='lat' dir='ltr'>genuinum</span> <span class='ocrx_word' id='word_1_128' title='bbox 445 2314 554 2371; x_wconf 84' lang='lat' dir='ltr'>Tr.</span> <span class='ocrx_word' id='word_1_129' title='bbox 584 2323 979 2393; x_wconf 74' lang='lat' dir='ltr'>vepretorum</span> <span class='ocrx_word' id='word_1_130' title='bbox 1005 2324 1070 2370; x_wconf 89' lang='lat' dir='ltr'>et</span> <span class='ocrx_word' id='word_1_131' title='bbox 1094 2314 1204 2372; x_wconf 81' lang='lat' dir='ltr'>Tr.</span> <span class='ocrx_word' id='word_1_132' title='bbox 1234 2317 1513 2376; x_wconf 78' lang='lat' dir='ltr'>aulicum</span> <span class='ocrx_word' id='word_1_133' title='bbox 1545 2319 1840 2378; x_wconf 88' lang='lat' dir='ltr'>sectionis</span> 
     </span>
    </p>

    <p class='ocr_par' dir='ltr' id='par_1_13' title="bbox 0 2391 1842 2606">
     <span class='ocr_line' id='line_1_22' title="bbox 70 2409 1842 2500; baseline 0.006 -33.582"><span class='ocrx_word' id='word_1_134' title='bbox 70 2409 407 2481; x_wconf 88' lang='lat' dir='ltr'>secundae,</span> <span class='ocrx_word' id='word_1_135' title='bbox 456 2422 519 2468; x_wconf 91' lang='lat' dir='ltr'>at</span> <span class='ocrx_word' id='word_1_136' title='bbox 556 2410 766 2470; x_wconf 90' lang='lat' dir='ltr'>areola</span> <span class='ocrx_word' id='word_1_137' title='bbox 808 2410 1206 2491; x_wconf 85' lang='lat' dir='ltr'>triangulari,</span> <span class='ocrx_word' id='word_1_138' title='bbox 1257 2428 1577 2494; x_wconf 85' lang='lat' dir='ltr'>segmento</span> <span class='ocrx_word' id='word_1_139' title='bbox 1618 2424 1647 2479; x_wconf 91' lang='lat'>1</span> <span class='ocrx_word' id='word_1_140' title='bbox 1687 2439 1842 2500; x_wconf 89' lang='lat' dir='ltr'>pau-</span> 
     </span>
     <span class='ocr_line' id='line_1_23' title="bbox 0 2506 1579 2606; baseline 0.008 -44"><span class='ocrx_word' id='word_1_141' title='bbox 0 2513 6 2606; x_wconf 57' lang='grc' dir='ltr'>’Ξ</span> <span class='ocrx_word' id='word_1_142' title='bbox 69 2506 272 2566; x_wconf 88' lang='lat' dir='ltr'>lulum</span> <span class='ocrx_word' id='word_1_143' title='bbox 296 2506 585 2568; x_wconf 87' lang='lat' dir='ltr'>breviore</span> <span class='ocrx_word' id='word_1_144' title='bbox 613 2519 676 2567; x_wconf 89' lang='lat' dir='ltr'>et</span> <span class='ocrx_word' id='word_1_145' title='bbox 703 2507 960 2581; x_wconf 85' lang='lat' dir='ltr'>latiore,</span> <span class='ocrx_word' id='word_1_146' title='bbox 1009 2509 1084 2567; x_wconf 86' lang='lat' dir='ltr'>ab</span> <span class='ocrx_word' id='word_1_147' title='bbox 1110 2513 1322 2572; x_wconf 82' lang='lat' dir='ltr'>aulico</span> <span class='ocrx_word' id='word_1_148' title='bbox 1347 2513 1579 2575; x_wconf 82' lang='lat' dir='ltr'>differt.</span> 
     </span>
    </p>
   </div>
   <div class='ocr_carea' id='block_1_7' title="bbox 569 2759 1344 2819">
    <p class='ocr_par' dir='ltr' id='par_1_14' title="bbox 569 2759 1344 2819">
     <span class='ocr_line' id='line_1_24' title="bbox 569 2759 1344 2819; baseline 0.001 -4"><span class='ocrx_word' id='word_1_149' title='bbox 569 2767 658 2819; x_wconf 88' lang='lat'>90.</span> <span class='ocrx_word' id='word_1_150' title='bbox 731 2760 800 2814; x_wconf 84' lang='lat' dir='ltr'>T.</span> <span class='ocrx_word' id='word_1_151' title='bbox 838 2759 1344 2817; x_wconf 87' lang='lat' dir='ltr'><strong>INTEGRATOR.</strong></span> 
     </span>
    </p>
   </div>
   <div class='ocr_carea' id='block_1_8' title="bbox 405 2898 1843 3057">
    <p class='ocr_par' dir='ltr' id='par_1_15' title="bbox 405 2898 1843 3057">
     <span class='ocr_line' id='line_1_25' title="bbox 405 2898 1842 2970; baseline 0.009 -23"><span class='ocrx_word' id='word_1_152' title='bbox 405 2898 637 2950; x_wconf 88' lang='lat' dir='ltr'>Pedibus</span> <span class='ocrx_word' id='word_1_153' title='bbox 682 2899 840 2965; x_wconf 82' lang='lat' dir='ltr'>rufis,</span> <span class='ocrx_word' id='word_1_154' title='bbox 891 2899 1235 2970; x_wconf 85' lang='lat' dir='ltr'>posticorum</span> <span class='ocrx_word' id='word_1_155' title='bbox 1280 2903 1439 2956; x_wconf 83' lang='lat' dir='ltr'>tarsis</span> <span class='ocrx_word' id='word_1_156' title='bbox 1486 2913 1540 2956; x_wconf 83' lang='lat' dir='ltr'>et</span> <span class='ocrx_word' id='word_1_157' title='bbox 1586 2905 1842 2960; x_wconf 84' lang='lat' dir='ltr'>tibiarum</span> 
     </span>
     <span class='ocr_line' id='line_1_26' title="bbox 408 2981 1843 3057; baseline 0.009 -27"><span class='ocrx_word' id='word_1_158' title='bbox 408 2981 558 3050; x_wconf 85' lang='lat' dir='ltr'>apice</span> <span class='ocrx_word' id='word_1_159' title='bbox 581 2982 780 3051; x_wconf 80' lang='lat' dir='ltr'>nigri53</span> <span class='ocrx_word' id='word_1_160' title='bbox 823 3000 918 3034; x_wconf 83' lang='lat' dir='ltr'>ore</span> <span class='ocrx_word' id='word_1_161' title='bbox 939 2983 1100 3037; x_wconf 78' lang='lat' dir='ltr'>flavo·</span> <span class='ocrx_word' id='word_1_162' title='bbox 1137 3004 1211 3037; x_wconf 89' lang='lat' dir='ltr'>m.</span> <span class='ocrx_word' id='word_1_163' title='bbox 1237 2985 1274 3036; x_wconf 87' lang='lat' dir='ltr'>f.</span> <span class='ocrx_word' id='word_1_164' title='bbox 1325 2989 1476 3055; x_wconf 81' lang='lat' dir='ltr'>(mas</span> <span class='ocrx_word' id='word_1_165' title='bbox 1499 2986 1636 3040; x_wconf 79' lang='lat' dir='ltr'>facie</span> <span class='ocrx_word' id='word_1_166' title='bbox 1658 2988 1843 3057; x_wconf 82' lang='lat' dir='ltr'>flava).</span> 
     </span>
    </p>
   </div>
   <div class='ocr_carea' id='block_1_9' title="bbox 23 3132 1843 3326">
    <p class='ocr_par' dir='ltr' id='par_1_16' title="bbox 23 3132 1843 3326">
     <span class='ocr_line' id='line_1_27' title="bbox 209 3132 1843 3228; baseline 0.008 -34"><span class='ocrx_word' id='word_1_167' title='bbox 209 3132 486 3196; x_wconf 79' lang='lat' dir='ltr'>Habitus</span> <span class='ocrx_word' id='word_1_168' title='bbox 522 3148 694 3197; x_wconf 91' lang='lat' dir='ltr'>totus</span> <span class='ocrx_word' id='word_1_169' title='bbox 734 3138 1034 3200; x_wconf 86' lang='lat' dir='ltr'>naturalis</span> <span class='ocrx_word' id='word_1_170' title='bbox 1062 3152 1125 3200; x_wconf 89' lang='lat' dir='ltr'>et</span> <span class='ocrx_word' id='word_1_171' title='bbox 1147 3154 1406 3205; x_wconf 79' lang='lat' dir='ltr'>statura</span> <span class='ocrx_word' id='word_1_172' title='bbox 1432 3143 1593 3204; x_wconf 87' lang='lat' dir='ltr'>sicut</span> <span class='ocrx_word' id='word_1_173' title='bbox 1613 3146 1678 3204; x_wconf 90' lang='lat' dir='ltr'>in</span> <span class='ocrx_word' id='word_1_174' title='bbox 1704 3167 1843 3228; x_wconf 90' lang='lat' dir='ltr'>spe-</span> 
     </span>
     <span class='ocr_line' id='line_1_28' title="bbox 23 3232 1839 3326; baseline 0.009 -37"><span class='ocrx_word' id='word_1_175' title='bbox 23 3255 25 3260; x_wconf 48' lang='lat'><strong>¹</strong></span> <span class='ocrx_word' id='word_1_176' title='bbox 80 3232 177 3290; x_wconf 82' lang='lat' dir='ltr'>cie</span> <span class='ocrx_word' id='word_1_177' title='bbox 205 3235 643 3307; x_wconf 80' lang='lat' dir='ltr'>antecedente3</span> <span class='ocrx_word' id='word_1_178' title='bbox 692 3239 898 3309; x_wconf 86' lang='lat' dir='ltr'>areola</span> <span class='ocrx_word' id='word_1_179' title='bbox 926 3251 1134 3300; x_wconf 84' lang='lat' dir='ltr'>autem</span> <span class='ocrx_word' id='word_1_180' title='bbox 1158 3240 1415 3324; x_wconf 87' lang='lat' dir='ltr'>majore,</span> <span class='ocrx_word' id='word_1_181' title='bbox 1453 3256 1773 3326; x_wconf 82' lang='lat' dir='ltr'>segmento</span> <span class='ocrx_word' id='word_1_182' title='bbox 1808 3252 1839 3308; x_wconf 92' lang='lat'>1</span> 
     </span>
    </p>
   </div>
   <div class='ocr_carea' id='block_1_10' title="bbox 0 2608 35 3653">
    <p class='ocr_par' dir='ltr' id='par_1_17' title="bbox 0 2608 35 3653">
     <span class='ocr_line' id='line_1_29' title="bbox 0 2608 35 3653; baseline 0 0"><span class='ocrx_word' id='word_1_183' title='bbox 0 2608 35 3653; x_wconf 95' lang='lat' dir='ltr'> </span> 
     </span>
    </p>
   </div>
  </div>
 </body>
</html>
