2047 3637
209 137 333 193 736
935 144 1260 183 CRYPTUs

855 277 1340 340 Varietates:

340 406 392 461 1.
440 392 682 457 Pedum
716 395 1110 474 posticorum
1150 395 1463 473 geniculis
1497 398 1714 474 nigri&
1761 417 1842 456 m.
1889 429 1978 441 —-

206 493 574 576 Longitudo
599 500 639 554 2
658 485 707 573 ²s3
739 490 1066 550 linearum.
1147 493 1319 553 Alae
1347 493 1555 553 areola
1579 493 1981 575 triangulari..

205 595 407 658 Pedes
437 589 669 675 postici
704 589 887 648 tarsis
922 609 1037 648 nec
1071 610 1199 651 non
1230 591 1529 651 tibiarum
1568 604 1631 652 et
1665 593 1976 653 femorum

205 695 383 776 apice
441 708 684 750 summo
744 687 956 769 nigris,
1015 725 1102 735 -—-
1158 690 1420 750 Caetera
1479 691 1640 751 sicut
1697 691 1761 750 in
1806 713 1975 751 mare

205 791 497 875 genuino,

333 890 603 951 Unicum
637 908 871 949 marem
909 886 1049 969 cepi
1086 908 1298 948 mense
1324 891 1603 970 Augusto
1643 888 1708 948 in
1733 888 1975 950 umbel-

204 980 347 1053 Iatis
372 989 537 1050 circa
566 984 1020 1050 Warmbrzmn.

336 1169 393 1223 2.
452 1158 767 1221 Antennis
801 1162 1037 1236 nigris,
1086 1162 1382 1221 articulis
1422 1165 1649 1222 7—-11
1691 1157 1871 1221 albis,
1927 1158 1970 1217 f.

207 1297 292 1307 --
336 1256 707 1340 Longitudo
731 1255 863 1315 fere
893 1265 929 1318 3
956 1257 1284 1317 linearum.
1346 1261 1517 1320 Alae
1543 1259 1829 1339 stigmate
1851 1256 1975 1317 fer-

203 1359 487 1441 rugineO.
536 1392 624 1403 --
670 1358 930 1417 Caetera
957 1367 1026 1414 ut
1052 1356 1116 1415 in
1147 1354 1380 1415 femina
1407 1355 1696 1437 genuina.

333 1456 538 1515 Semel
597 1468 777 1537 capta
831 1475 1046 1514 mense
1101 1453 1297 1526 Iunii,
1361 1455 1427 1513 in
1481 1453 1719 1516 fruteto
1776 1476 1976 1539 prope

207 1556 259 1616 S
264 1550 613 1617 cheidnich.

543 1749 774 1811 Nota:

338 1864 668 1926 Individua
707 1862 981 1924 mascula
1016 1860 1284 1945 genuina
1312 1860 1541 1922 sensim
1564 1874 1890 1925 transeunt
1913 1864 1980 1925 in

208 1987 407 2025 mares
455 1965 569 2025 Plz.
608 1963 1095 2046 profligatoris‘,
1142 1985 1200 2020 n.
1239 1969 1394 2033 203,
1443 1984 1557 2021 nec
1607 1961 1979 2025 haesitarem

209 2064 416 2123 ambas
454 2064 695 2146 species
731 2063 1140 2145 conjungere,
1190 2061 1311 2119 nisi
1349 2060 1618 2121 feminae
1645 2085 1856 2122 earum
1884 2064 1980 2124 ni—

206 2164 323 2223 mis
352 2163 706 2235 differrent3
757 2163 864 2223 sed
889 2161 1122 2222 femina
1145 2159 1464 2220 varietatis
1489 2169 1555 2230 2,
1603 2161 1846 2222 ratione
1873 2184 1981 2222 an-

207 2276 538 2323 tennarum
563 2276 628 2322 et
650 2264 905 2335 alarum,
927 2260 1154 2320 melius
1183 2259 1474 2341 congruit
1501 2281 1641 2318 cum
1663 2260 1982 2343 profliga-

211 2375 385 2434 tore,
429 2360 674 2421 ratione
723 2360 956 2442 pedum
1004 2370 1211 2418 autem
1259 2380 1400 2417 cum
1449 2358 1826 2439 vagabundo
1874 2383 1980 2443 ge-

214 2459 435 2531 nuinO,
484 2458 762 2519 medium
799 2458 1012 2540 itaque
1047 2469 1228 2518 tenet·
1270 2457 1435 2516 inter
1470 2458 1677 2519 ambas
1716 2462 1974 2542 specieS.

210 2558 346 2617 Mas
376 2555 693 2620 varietatis
727 2565 787 2630 1,
834 2558 1078 2618 ratione
1107 2556 1338 2616 coloris
1375 2558 1631 2618 omnino
1663 2557 1982 2643 profliga—

212 2663 343 2718 tori
385 2658 753 2739 respondet,
803 2656 1081 2739 solisque
1127 2655 1392 2738 pedibus
1433 2658 1867 2739 gracilioribus
1904 2658 1979 2717 ab

213 2776 290 2816 eo
324 2756 594 2817 discerni
628 2758 858 2839 potest.
908 2792 994 2801 -
1040 2754 1339 2815 Conferas
1387 2778 1544 2836 quae
1578 2757 1653 2815 ad
1688 2756 1982 2838 profliga-

209 2867 412 2916 torem
438 2855 674 2916 monui.

341 2954 563 3016 Leskei
614 2953 1004 3015 Ichneumon
1049 2974 1108 3036 p.
1149 2954 1259 3025 65,
1321 2972 1379 3012 n.v
1431 2957 1587 3025 267,
1649 2973 1756 3012 seu
1801 2953 1979 3016 [clm.

216 3056 572 3116 concoloris
620 3054 904 3115 Gmelini
954 3053 1081 3134 (ed.
1135 3052 1314 3111 Linn.
1368 3073 1428 3133 p.
1471 3056 1668 3123 2704,
1719 3075 1776 3110 n.
1821 3054 1978 3130 322)
2020 3060 2027 3065 ’

215 3171 340 3208 var.
381 3175 446 3224 α,
493 3153 643 3213 huic
683 3152 917 3235 speciei
960 3151 1314 3234 respondet.
1410 3150 1526 3209 Sed
1573 3150 1791 3210 Leskei
1837 3148 1980 3208 Ich-

217 3267 554 3310 neumones
604 3275 661 3311 n.
702 3258 826 3315 268
869 3265 931 3311 et
974 3258 1127 3325 269,
1177 3271 1331 3333 quos
1372 3249 1629 3309 Gmelin
1676 3271 1817 3309 cum
1867 3267 1979 3307 suo
