2063 3653
835 165 1146 207 rnoeus.-
1750 156 1869 212 381

237 314 295 370 2.
357 305 751 368 Varietatum
791 303 1077 387 picturae
1126 298 1472 361 multifarie
1520 301 1876 385 sensimque

111 417 449 476 mutantur,
478 426 728 487 unaque
752 403 819 462 in
843 404 1100 463 alteram
1125 412 1468 473 transeunt,
1504 400 1590 460 ita
1619 413 1688 460 ut
1712 402 1877 463 inter

108 524 394 584 magnam
422 503 888 563 individuorum
925 499 1399 561 multitudinem
1419 498 1524 562 vix
1549 500 1674 560 duo
1702 503 1877 562 inve-

107 601 392 673 niantur,
435 601 697 683 picturis
722 601 979 662 omnino
1008 599 1436 682 congruentia.
1528 599 1810 660 varietas
1841 606 1871 662 1

107 701 313 759 oritur
351 721 386 759 e
426 701 634 783 specie
670 701 964 782 genuina,
1013 719 1156 760 cum
1189 698 1434 758 macula
1470 697 1642 758 fusca
1678 698 1878 759 femo-

106 820 246 859 rum
280 798 671 881 posticorum
709 798 1067 859 distinctior
1098 799 1168 858 fit
1207 810 1269 858 et
1304 798 1504 880 nigra,
1553 798 1877 879 magisque

106 897 494 971 extenditur3
542 898 806 959 varietas
830 907 870 961 2
898 921 930 958 e
959 889 1168 980 specie
1193 896 1491 978 genuina,
1529 919 1672 956 cum
1700 897 1879 956 color

106 995 296 1057 ruber
319 995 594 1057 thoracis
620 996 751 1056 fere
779 1010 886 1056 aut
911 996 1167 1056 omnino
1196 994 1529 1067 evanescit,
1579 1006 1643 1055 et
1669 995 1878 1076 pictu-

106 1117 210 1155 rae
247 1094 459 1158 fuscae
498 1095 799 1176 segmenti
832 1097 870 1156 5
907 1107 970 1153 et
1008 1100 1046 1154 6
1084 1093 1550 1153 individuorum
1598 1114 1878 1172 quorun--

106 1194 246 1252 dam
297 1194 711 1274 genuinorum
760 1191 826 1249 in
870 1191 1144 1247 maculas
1185 1190 1460 1248 dorsales
1521 1190 1877 1261 confluunt;

107 1292 370 1350 varietas
411 1294 449 1350 4
489 1311 522 1348 e
558 1288 859 1348 varietate
902 1294 972 1358 Ξ,
1033 1308 1178 1346 cum
1222 1288 1504 1347 maculae
1543 1286 1697 1346 istae
1745 1310 1878 1369 seg-

105 1400 311 1449 menta
341 1390 397 1460 5,
421 1394 460 1449 6
485 1400 549 1447 et
573 1395 611 1450 7
634 1387 890 1447 omnino
928 1398 1268 1467 occupant3
1317 1387 1582 1447 varietas
1619 1387 1686 1458 5,
1736 1408 1878 1447 cum

107 1488 285 1547 color
343 1487 519 1568 niger
574 1498 1035 1567 segmentorum
1088 1485 1453 1545 ultimorum
1502 1485 1690 1544 etiam
1742 1507 1879 1566 seg-

106 1599 386 1646 mentum
426 1591 465 1649 4
496 1586 712 1667 tingit,
762 1585 1005 1645 macula
1047 1582 1217 1664 nigra
1256 1583 1563 1642 femorum
1598 1583 1879 1664 postico-

105 1708 269 1758 rum,
333 1685 649 1745 varietatis
714 1693 775 1756 1,
838 1684 1031 1764 magis
1082 1682 1468 1753 extenditur,
1528 1692 1592 1740 et
1638 1681 1877 1741 femora

104 1784 304 1843 media
348 1805 599 1865 quoque
636 1785 850 1843 colore
890 1782 1067 1861 nigro
1105 1780 1497 1851 imbuuntur3
1544 1780 1809 1841 varietas
1837 1788 1878 1842 6

106 1903 140 1941 e
181 1880 475 1941 varietate
510 1882 576 1949 5,
626 1903 768 1939 cum
807 1881 985 1938 color
1019 1879 1193 1959 niger
1217 1879 1567 1939 abdominis
1591 1892 1655 1940 et
1676 1881 1876 1941 femo-

107 2001 244 2039 rum
271 1977 462 2060 magis
489 1979 810 2061 magisque
842 1978 1217 2038 extenditur.
1750 1977 1772 1997 '

238 2185 293 2240 3.
345 2178 578 2236 Panzer
605 2172 943 2238 Schaefferi
968 2179 1229 2237 Iconum
1253 2175 1378 2236 tab.
1405 2183 1515 2248 20,
1565 2177 1664 2258 fig.
1695 2183 1734 2239 6
1760 2196 1876 2261 pro

108 2275 282 2337 Ichn.
319 2281 560 2357 pisorio
597 2277 645 2334 F
651 2276 776 2335 abr,
820 2276 1043 2348 edidit,
1093 2277 1200 2357 qui
1230 2288 1439 2335 autem
1469 2276 1614 2336 satis
1640 2277 1872 2337 differt.

108 2375 280 2434 Idem
315 2387 532 2434 auctor
567 2375 884 2457 vituperat
918 2375 1105 2435 etiam
1143 2373 1480 2456 pictorem,
1530 2373 1639 2457 qui
1664 2375 1879 2435 thora-

107 2495 243 2533 cem
279 2473 463 2533 lineis
504 2474 742 2533 duabus
779 2474 1130 2533 dorsalibus
1154 2473 1528 2555 ferrugineis
1556 2473 1880 2534 exhibuis-

108 2584 218 2643 set,
268 2572 504 2654 quippe
528 2593 676 2653 quas
707 2584 923 2631 natura
947 2572 1095 2631 huic
1121 2571 1533 2632 Ichneumoni
1560 2585 1877 2654 negasset;

107 2683 171 2729 et
207 2691 425 2730 verum
466 2670 717 2750 quidem
753 2683 873 2742 est,
919 2676 1228 2752 pisorium
1264 2669 1450 2730 lineis
1479 2670 1616 2730 istis
1646 2693 1876 2743 carere,

109 2769 214 2829 sed
243 2772 520 2830 lictorius
544 2767 876 2848 genuinus,
927 2770 1001 2828 ad
1026 2790 1211 2850 quem
1238 2771 1389 2828 Icon
1419 2767 1877 2829 Schaefferiana

108 2867 358 2926 laudata
391 2866 679 2926 omnibus
724 2867 888 2927 notis
924 2879 1140 2927 exacte
1177 2867 1463 2949 quadrat,
1511 2866 1698 2926 lineis
1732 2867 1877 2927 tali-

107 2963 505 3045 businsignis
535 2978 645 3024 est..
675 3000 759 3009 -——
793 2965 911 3025 Hic
935 2965 1123 3025 etiam
1151 2965 1435 3027 conferre
1461 2964 1618 3029 velis
1647 2977 1874 3039 notam,

108 3062 523 3125 Ichneumoni
543 3068 819 3142 pisorz'O,
868 3086 924 3123 n.
960 3071 1096 3137 187,
1145 3065 1434 3127 additam.
