2063 3653
525 248 689 288 um.
743 237 835 288 IV.
891 247 1391 289 MEsosTENus.
1716 233 1843 291 '773

74 395 138 444 et
162 383 209 442 F
215 381 792 465 abricii'conjunxit
819 397 897 457 et,
947 383 1317 445 auctoritate
1343 381 1617 441 Fabricii
1645 383 1842 454 nixuS,

74 483 263 542 citata
299 481 637 543 Schaefferi
685 496 748 543 et
784 483 1098 544 Geoffroii
1147 483 1406 564 recepit.
1455 515 1541 526 --
1584 481 1842 552 Villers,

74 602 134 662 p.
168 587 304 652 167,
349 603 407 641 n.
436 588 537 654 99,
576 582 863 642 confudit
887 583 1062 644 Ichn.
1092 593 1573 665 compunctores
1598 578 1844 650 Linnei,

74 678 376 753 Fabricii,
425 679 748 740 Schrankii
787 681 835 739 F
841 703 980 740 aun.
1012 680 1298 741 Austriae
1336 681 1653 760 (nostrum
1676 678 1841 739 Mes.

70 776 581 859 gladiatorem),
639 802 752 840 nec
808 801 933 840 non
990 778 1447 839 Ichneumones
1504 775 1844 838 Schaefferi

73 877 243 936 Icon.
280 878 405 938 tab.
449 883 558 951 49,
606 880 705 961 fig.
749 884 788 942 4
838 892 902 939 et
937 877 1227 939 Geoffroi
1279 899 1337 936 n.
1379 882 1445 948 6,
1493 877 1571 938 de
1618 874 1846 959 quibus

71 975 364 1036 omnibus
411 976 538 1057 jam
583 1000 769 1061 supra
818 978 1067 1037 locutus
1127 998 1280 1037 sum.
1375 977 1653 1037 Alteram
1698 995 1849 1035 vero

73 1074 263 1135 etiam
294 1075 568 1157 speciem
595 1077 848 1148 Villers,
896 1097 955 1157 p.
992 1082 1128 1145 187,
1168 1098 1224 1134 n.
1259 1079 1398 1145 164,
1448 1075 1562 1135 sub
1596 1073 1850 1134 nomine

72 1176 115 1234 Ι
115 1173 250 1235 chn.
279 1180 751 1257 compunctoris
776 1172 1127 1252 descripsit,
1168 1172 1243 1229 ad
1269 1170 1554 1250 ejusdem
1578 1170 1848 1232 nominis

73 1272 563 1332 Ichneumonem
608 1270 936 1332 Fourcroii
990 1270 1415 1352 quadrantem.
1473 1305 1559 1314 —-
1615 1268 1848 1341 Christ,

70 1391 131 1452 p.
174 1376 327 1442 368,
374 1369 501 1430 tab.
540 1378 650 1442 39,
699 1370 799 1453 fig.
849 1378 878 1434 1
933 1369 1047 1429 sub
1095 1368 1270 1431 Ichn.
1322 1381 1851 1452 compunctatore

70 1469 291 1529 citavit
313 1470 492 1532 Ichn.
521 1483 1033 1553 compunctorem
1064 1468 1288 1531 Linnei
1315 1481 1378 1529 et
1403 1467 1695 1541 Fabricii,
1734 1490 1850 1528 nec

71 1588 197 1628 non
247 1568 563 1631 Geoffroii
615 1569 790 1632 Ichn.
842 1593 899 1630 n.
953 1575 1009 1632 6.
1105 1567 1222 1628 Hic
1270 1568 1533 1628 Christii
1581 1566 1850 1628 Ichneu-

71 1688 219 1727 mon
247 1681 457 1729 autem
493 1668 569 1728 ab
605 1669 897 1728 omnibus
934 1667 1252 1729 Ichneum.
1292 1665 1852 1750 compunctoribus

71 1779 427 1839 auctorum,
488 1788 605 1827 nec
659 1788 784 1826 non
830 1767 905 1825 ab
956 1767 1274 1829 Ichneum.
1323 1779 1851 1849 compunctatore

74 1878 401 1925 auctorum
426 1866 537 1944 (ad
561 1866 883 1949 Pimplam
915 1872 1355 1948 instigatorem
1384 1879 1658 1926 nostram
1685 1866 1851 1927 redi-

73 1964 331 2046 gendo),
371 1964 518 2025 satis
541 1964 756 2025 differt
781 1978 861 2037 et,
907 1965 1023 2026 nisi
1052 1966 1273 2027 orbitis
1302 1965 1631 2026 oculorum
1658 1966 1850 2026 inter-

73 2063 169 2123 nis
218 2063 588 2124 tenuissime
633 2064 1068 2125 flavieantibus
1127 2065 1454 2148 gauderet,
1515 2086 1633 2149 pro
1681 2087 1851 2127 mare

73 2161 413 2244 Ephialtes
437 2163 952 2246 manifestatoris
978 2163 1195 2225 haberi
1225 2176 1456 2246 posset.
1486 2200 1573 2209 ——
1605 2164 1851 2243 OJivier

72 2282 135 2344 p.
195 2266 344 2334 186,
404 2284 463 2322 n.
522 2262 672 2334 115,
736 2262 849 2322 sub
905 2263 1081 2324 Ichn.
1135 2275 1585 2345 compunctore
1640 2262 1852 2324 omnia

72 2359 265 2418 citata
301 2381 336 2420 e
369 2359 656 2420 Villersii
694 2360 1177 2443 Entomologiae
1216 2384 1272 2420 n.
1304 2368 1386 2424 99
1424 2361 1695 2445 recepit,
1744 2384 1852 2422 ex-

72 2470 258 2538 cepto
286 2455 713 2521 Ichneumone
742 2460 1056 2521 Geoffroii
1094 2483 1152 2520 n.
1188 2466 1256 2532 6,
1306 2481 1523 2543 quem,
1573 2461 1654 2522 ob
1682 2483 1851 2544 mag-

73 2557 426 2639 nitudinem
453 2558 737 2639 corporis
771 2572 835 2620 et
869 2558 1330 2640 longitudinem
1354 2559 1587 2631 aculei,
1636 2561 1853 2620 exclan

71 2655 181 2715 dit.
231 2692 315 2701 -—-
362 2655 539 2717 Ichn.
587 2671 1004 2739 compunctior
1051 2656 1374 2718 Schrankii
1430 2659 1622 2718 Faun.
1677 2655 1846 2720 Boic.

72 2778 131 2814 n.
161 2760 329 2817 2067
356 2776 390 2814 e
415 2754 744 2838 speciebus
770 2755 1008 2816 duabus
1034 2756 1221 2836 longe
1244 2755 1510 2816 diversis
1536 2757 1852 2837 composi-

73 2866 172 2913 tus
226 2866 349 2926 est,
409 2875 550 2915 nam
595 2876 719 2914 var.
773 2856 849 2926 A,
909 2853 1304 2935 longitudine
1351 2854 1458 2931 6ss
1522 2852 1848 2927 linearum,

76 2954 296 3014 aculeo
322 2953 717 3037 longitudine
744 2960 780 3016 7
800 2953 850 3029 72
889 2954 1193 3014 linearum
1212 2999 1226 3025 ,
1278 2966 1490 3013 noster
1516 2952 1851 3036 Ephialtes

80 3054 535 3134 manifestator
581 3066 702 3126 est3
762 3053 1024 3113 varietas
1074 3053 1118 3112 B
1165 3065 1399 3123 autem,
1451 3052 1851 3134 longitudine

82 3158 158 3213 13
187 3151 522 3225 linearum,
572 3155 792 3215 aculeo
827 3154 925 3232 172
964 3153 1159 3213 lineas
1188 3152 1408 3233 longo,
1460 3152 1606 3213 sat-is
1632 3152 1706 3212 ab
1736 3152 1850 3213 illa

79 3248 309 3309 differt.
390 3252 756 3334 Allegantur
784 3250 1121 3313 Schaefferi
1152 3255 1319 3313 Icon.
1350 3250 1472 3311 tab.
1515 3257 1650 3323 110,
1681 3252 1779 3334 fig.
1813 3260 1852 3314 3

80 3346 325 3428 (noster
380 3351 718 3436 Ephialtes
788 3352 1274 3438 manifestator)
1348 3363 1411 3413 et
1465 3352 1714 3449 Degeer
1769 3351 1848 3422 ΙΙ,
