2063 3653
152 122 280 178 122
874 131 1219 171 TRYPHON

155 272 336 333 thum
369 280 432 330 et
468 269 873 331 Lissonotam
897 266 1246 339 bicornem,
1288 265 1369 324 ob
1395 264 1668 325 frontem
1693 284 1922 326 cornu-

153 373 311 440 taur,
347 366 610 429 caeteris
636 379 843 427 autem
862 366 1020 428 haec
1045 378 1109 427 et
1135 364 1234 427 illi
1259 363 1404 423 satis
1431 363 1806 446 discrepant.
1837 398 1923 410 —

152 471 438 551 Ipsarum
483 467 884 549 Pimplarum
929 472 1349 546 genuinarum
1399 461 1676 525 familiae
1713 473 1923 525 sextae

153 588 353 627 mares
413 565 694 648 quidam,
754 563 1086 624 abdomine
1143 563 1386 646 apicem
1431 582 1648 624 versus
1695 560 1925 622 sensim
1978 589 1983 591 *

154 665 474 736 crassiore,
523 662 812 723 incisuris
840 673 903 723 et
929 661 1444 743 impressionibus
1469 661 1675 721 minus
1702 659 1926 720 distin-

155 764 302 835 ctiS,
359 761 693 844 minusque
750 760 1110 842 profundis,
1169 774 1491 843 segmento
1535 759 1742 843 primo
1786 759 1927 818 lon-

154 862 329 943 giore
366 873 428 920 et
461 859 640 920 basin
663 880 876 920 versus
901 859 1129 919 sensim
1152 871 1511 941 angustam,
1560 880 1613 918 e.
1641 880 1697 939 g.
1727 878 1927 917 mares

151 961 447 1043 Pimplae
501 960 922 1029 turionellae,
977 956 1325 1018 arctissime
1383 956 1710 1021 nonnullis
1767 957 1929 1037 Try-

154 1059 439 1143 phonum
462 1058 736 1119 maribus
766 1056 1097 1117 abdomine
1123 1055 1466 1128 subsessili‚
1509 1078 1562 1116 e.
1590 1077 1646 1137 g.
1677 1056 1925 1140 Tryph.

155 1171 590 1242 vepretorum‚
634 1156 1013 1238 junguntur,
1061 1155 1149 1214 ita
1185 1168 1255 1214 ut
1289 1155 1526 1214 limites
1561 1155 1727 1214 inter
1762 1154 1930 1214 indi-

154 1257 342 1319 vidua
364 1256 640 1316 mascula
666 1253 1081 1336 Tryphonum
1112 1265 1177 1313 et
1201 1254 1584 1335 Pimplarum
1609 1253 1930 1312 collaban-

155 1367 288 1427 tur3
334 1354 605 1415 feminae
646 1366 855 1413 autem
892 1353 1112 1412 aculeo
1134 1351 1459 1410 differunt.
1508 1386 1596 1400 --—-
1639 1349 1932 1433 Trypho-

157 1476 266 1514 nes
303 1465 624 1535 segmento
659 1452 864 1534 primo
902 1450 1249 1531 aequilat0‚
1297 1449 1542 1531 petiolo
1568 1449 1754 1510 'brevi
1780 1450 1928 1521 lato,

155 1552 506 1614 tuberculis
542 1551 908 1612 lateralibus
946 1549 1112 1608 ultra
1138 1548 1415 1608 medium
1444 1549 1748 1629 segmenti
1770 1548 1928 1621 sitis,
1952 1596 1955 1601 .

157 1652 367 1712 areola
411 1651 771 1721 deficiente,
821 1649 1039 1732 quales
1088 1660 1233 1708 sunt
1283 1652 1394 1709 Tr.
1433 1651 1928 1719 armillatorius‚

140 1753 514 1834 formosae,
556 1751 867 1819 scalariS,
909 1751 1379 1819 seoelituratus,
1417 1748 1746 1830 speciebus
1773 1768 1929 1807 non-

157 1851 352 1911 nullis
376 1852 724 1911 Bassorum
763 1847 1177 1929 respondent:
1222 1849 1462 1909 Horum
1491 1846 1730 1928 species
1757 1869 1930 1907 nem-

158 1972 263 2032 pe,
312 1948 544 2030 quibus
577 1948 910 2007 tubercula
949 1946 1066 2005 ista
1104 1945 1269 2006 inter
1320 1946 1710 2006 mediumet
1752 1945 1929 2008 basin

157 2048 461 2129 segmenti
490 2048 608 2109 sita
634 2059 805 2119 sunt,
852 2068 909 2107 v.
939 2068 991 2106 c.
1022 2049 1263 2107 Bassus
1288 2049 1625 2107 eoesultans
1663 2057 1726 2106 et
1750 2067 1930 2127 prae-

159 2147 378 2229 primis
409 2147 480 2204 B.
503 2147 836 2224 graculus,
881 2145 985 2202 cui
1015 2157 1404 2225 segmentum
1428 2145 1701 2224 primum
1725 2144 1932 2223 ipsum

159 2244 339 2304 basin
362 2264 577 2305 versus
606 2241 834 2301 sensim
860 2254 1255 2323 angustatum
1278 2255 1399 2314 est,
1448 2241 1576 2300 illis
1603 2241 1930 2324 speciebus

160 2341 578 2425 Tryphonum
603 2341 758 2400 adeo
786 2340 1310 2423 adpropinquant,
1362 2353 1429 2399 ut
1455 2340 1688 2400 limites
1717 2340 1931 2400 ambo-

159 2464 299 2502 rum
325 2440 742 2522 subgenerum
766 2440 1023 2500 omnino
1051 2441 1409 2512 deleantur,
1458 2439 1665 2520 idque,
1687 2460 1762 2499 eo
1801 2463 1931 2498 ma·-

160 2541 287 2623 gis,
331 2561 474 2599 cum
508 2538 750 2622 species
787 2539 1092 2621 allegatae
1126 2538 1450 2600 amborum
1476 2537 1665 2598 etiam
1690 2537 1928 2609 habita,

161 2639 404 2710 colore,
452 2650 517 2699 et
559 2638 946 2721 reliquarum
992 2639 1270 2721 partium
1311 2638 1511 2698 forma
1557 2650 1752 2721 atque.
1781 2653 1930 2719 pro-

163 2739 484 2820 portione,
533 2737 900 2798 affinitatem
929 2737 1213 2798 intimam
1248 2737 1666 2797 manifestent.
1759 2739 1930 2820 Try-

162 2839 330 2921 phon
369 2843 602 2903 incisus
634 2849 841 2898 autem
877 2857 1076 2919 prope
1104 2835 1347 2897 accedit
1370 2836 1446 2895 ad
1471 2837 1741 2896 Bassum
1771 2839 1930 2897 mul-

165 2941 490 2998 ticolorem
508 2985 545 3008 ,.
573 2937 906 3018 segmentis
938 2939 1132 2998 2--4
1153 2935 1320 2996 linea
1346 2933 1746 2996 transversali
1771 2933 1928 2994 inci-

166 3034 266 3093 sis,
307 3069 392 3078 —-
428 3037 739 3119 Tryphon
767 3057 999 3107 nanus,
1045 3034 1126 3095 ob
1153 3034 1425 3099 areolam
1452 3032 1928 3116 quinqueangu-

165 3135 359 3194 larem
416 3144 479 3191 et
535 3134 904 3213 parvitatem
963 3133 1275 3216 corporis,
1333 3134 1428 3198 ad*
1464 3130 1928 3194 Orthocentros

169 3243 427 3314 spectat.
485 3264 571 3279 --
617 3231 868 3313 Species
929 3233 1112 3294 unica
1166 3235 1533 3303 Euceroti53
1603 3240 1924 3310 segmento
