2063 3653
348 167 517 208 ΒΑΜ.
561 153 663 218 VI,
713 165 900 206 secr.
945 165 1031 205 111.
1084 164 1508 208 HEMITELES
1706 154 1832 215 865

183 306 382 366 Unam
433 282 730 364 feminam
788 301 867 365 de
913 293 1184 387 Heyden
1235 302 1407 388 cepit
1452 302 1616 365 circa
1666 309 1834 370 Tra-

43 407 290 492 jectum
338 400 428 466 ad
472 403 801 465 Moenum.

184 611 242 668 3.
302 604 455 666 Alis
498 599 1043 684 subtrifasciatis‚
1081 600 1450 682 femoribus
1494 610 1834 667 anteriori-

55 702 171 765 bus
205 724 403 785 supra
445 707 663 782 nigris.
710 700 752 760 f.
801 735 887 745 —
931 701 1298 782 Longitudo
1353 702 1456 784 1ss
1499 703 1828 765 linearum.

53 803 392 865 Antennae
418 823 451 860 a
475 800 610 860 basi
634 800 711 860 ad
733 799 1009 861 medium
1047 822 1245 884 usque
1270 800 1464 862 rufae.
1556 803 1839 865 Thorax

56 901 227 962 collo
265 913 330 960 et
363 899 665 960 lateribus
698 921 864 982 pone
890 901 1128 960 collum
1154 900 1324 961 rufis,
1417 902 1590 964 Alae
1615 917 1835 965 exacte

57 999 221 1061 sicut
249 999 314 1058 in
344 1012 663 1071 amatore,
688 1022 747 1058 n.
774 1006 920 1063 281.
1013 999 1217 1061 Pedes
1240 999 1388 1069 rufi3
1434 999 1608 1060 tibiis
1635 1003 1837 1084 posti-

55 1098 145 1160 cis
185 1110 442 1158 externe
479 1097 721 1179 apicem
758 1117 970 1155 versus
1009 1095 1232 1166 fuscis3
1279 1096 1623 1158 femoribus
1660 1113 1837 1161 ante-

54 1196 327 1258 rioribus
354 1216 540 1276 supra
561 1194 773 1275 nigris,
821 1195 889 1255 A
894 1192 1160 1256 bdomen
1183 1207 1503 1273 segmento
1525 1204 1568 1259 2
1594 1218 1836 1260 summo

55 1294 335 1376 margine
390 1291 554 1352 rufo.
645 1293 929 1354 Aculeus
977 1291 1328 1352 abdominis
1376 1292 1507 1354 fere
1556 1295 1840 1379 longitu-

55 1393 229 1466 dine,
277 1391 524 1453 terebra
557 1389 712 1451 rufa.

187 1493 361 1552 Hanc
394 1489 690 1552 feminam
716 1487 1038 1569 Sahlberg
1072 1490 1244 1572 cepit
1284 1489 1448 1550 circa
1477 1489 1749 1555 Aboam.

189 1696 246 1754 4.
302 1689 619 1752 Antennis
677 1689 834 1748 totis
888 1682 1085 1763 rufis,
1140 1685 1315 1748 tibiis
1349 1688 1839 1776 femoribusque

59 1793 324 1874 posticis
363 1790 657 1850 testaceis
701 1786 1166 1856 immaculatis,
1213 1788 1338 1847 alis
1377 1792 1831 1863 immaculatis.

60 1889 108 1949 f.
147 1925 233 1936 —-
268 1889 532 1950 Caetera
561 1885 725 1946 sicut
752 1884 816 1944 in
841 1883 1131 1967 plurimis
1161 1883 1500 1948 individuis
1523 1891 1834 1970 genuinis

399 2144 626 2203 Nota:

194 2284 297 2345 De
348 2289 733 2369 synonymia
766 2281 956 2366 hujus
1019 2280 1254 2368 speciei
1293 2284 1384 2348 nil
1424 2287 1580 2350 certi
1620 2311 1841 2354 eruere

65 2383 265 2467 potui.
359 2385 596 2444 Forsan
635 2383 815 2445 Ichn.
857 2390 1102 2446 cinctus
1152 2386 1376 2447 Linnei
1421 2388 1843 2472 reliquorum-

68 2505 190 2565 que
251 2494 578 2542 auctorum
638 2482 985 2563 (Geoffroii
1036 2483 1209 2545 Ichn.
1274 2509 1333 2545 n.
1384 2489 1495 2559 85,
1557 2492 1845 2574 Cryptas

70 2588 315 2645 cinctus
353 2582 402 2639 F
408 2580 535 2641 abr.
575 2580 738 2640 Piez.
777 2602 838 2662 p.
881 2583 995 2662 86)
1050 2583 1127 2641 ad
1162 2583 1322 2643 hanc
1356 2587 1632 2666 speciem
1669 2589 1846 2649 adhi-

70 2680 205 2742 beri
254 2692 497 2762 posset‚
568 2675 676 2738 sed
722 2697 936 2736 omnes
984 2679 1062 2738 de
1119 2680 1333 2740 colore
1380 2681 1522 2742 rufo
1578 2685 1847 2749 laterum

70 2779 344 2840 thoracis
369 2789 599 2837 tacent.
648 2810 735 2823 —-
780 2775 986 2834 Etiam
1023 2776 1200 2838 Ichn.
1230 2783 1469 2859 stigma
1507 2780 1715 2842 Gmel.
1746 2785 1843 2844 ed.

75 2875 255 2938 Linn.
309 2899 372 2960 p.
423 2881 611 2946 2717,
660 2897 718 2933 n.
763 2874 887 2936 365
935 2872 1060 2933 huc
1106 2889 1378 2959 spectat,
1438 2892 1656 2939 auctor
1698 2904 1848 2944 vero

74 2977 357 3038 maculae
402 2996 514 3035 seu
557 2972 888 3032 fasciarum
935 2973 1069 3034 alae
1104 2976 1341 3035 nullam
1379 2975 1533 3037 fecit
1579 2982 1849 3042 mentio-

0 3110 2 3138 ι
78 3096 241 3136 nem.
278 3109 366 3120 —-
408 3075 483 3133 In
507 3092 725 3133 museo
752 3073 1021 3133 Comitis
1057 3071 1136 3135 de
1160 3073 1677 3162 Hoffmannsegg
1701 3079 1851 3142 huic

0 3175 2 3188 '
83 3169 319 3255 speciei
364 3192 593 3232 nomen
637 3168 1084 3232 Ichneamonis
1128 3169 1466 3238 bicolorini
1509 3180 1851 3260 praefixum

0 3295 3 3328 ε
84 3284 209 3343 est,
253 3269 448 3352 quod,
498 3269 659 3330 sicut
686 3289 799 3348 par
823 3281 942 3339 est,
993 3268 1244 3331 retinui.

1150 3371 1233 3431 55
