<?xml version="1.0" encoding="UTF-8"?>
<!DOCTYPE html PUBLIC "-//W3C//DTD XHTML 1.0 Transitional//EN"
    "http://www.w3.org/TR/xhtml1/DTD/xhtml1-transitional.dtd">
<html xmlns="http://www.w3.org/1999/xhtml" xml:lang="en" lang="en">
 <head>
  <title>
</title>
<meta http-equiv="Content-Type" content="text/html;charset=utf-8" />
  <meta name='ocr-system' content='tesseract 3.04.00' />
  <meta name='ocr-capabilities' content='ocr_page ocr_carea ocr_par ocr_line ocrx_word'/>
</head>
<body>
  <div class='ocr_page' id='page_1' title='image "./ichneumonologiae02grav/ichneumonologiae02grav_0563.png"; bbox 0 0 2063 3653; ppageno 0'>
   <div class='ocr_carea' id='block_1_1' title="bbox 595 137 1796 216">
    <p class='ocr_par' dir='ltr' id='par_1_1' title="bbox 595 137 1796 216">
     <span class='ocr_line' id='line_1_1' title="bbox 595 137 1796 216; baseline -0.005 -12"><span class='ocrx_word' id='word_1_1' title='bbox 595 165 759 206; x_wconf 63' lang='grc' dir='ltr'>ΕΔΜ.</span> <span class='ocrx_word' id='word_1_2' title='bbox 811 153 894 216; x_wconf 87' lang='grc' dir='ltr'>ΙΙ,</span> <span class='ocrx_word' id='word_1_3' title='bbox 945 161 1133 203; x_wconf 75' lang='lat' dir='ltr'>sECT.</span> <span class='ocrx_word' id='word_1_4' title='bbox 1185 162 1241 199; x_wconf 77' lang='lat' dir='ltr'>v.</span> <span class='ocrx_word' id='word_1_5' title='bbox 1671 137 1796 199; x_wconf 81' lang='lat'>555</span> 
     </span>
    </p>
   </div>
   <div class='ocr_carea' id='block_1_2' title="bbox 34 290 1804 976">
    <p class='ocr_par' dir='ltr' id='par_1_2' title="bbox 34 290 1798 485">
     <span class='ocr_line' id='line_1_2' title="bbox 34 290 1798 390; baseline -0.011 -20"><span class='ocrx_word' id='word_1_6' title='bbox 34 303 342 390; x_wconf 77' lang='lat' dir='ltr'><strong>segmenti</strong></span> <span class='ocrx_word' id='word_1_7' title='bbox 365 309 406 366; x_wconf 74' lang='lat'><strong>2</strong></span> <span class='ocrx_word' id='word_1_8' title='bbox 442 302 635 384; x_wconf 82' lang='lat' dir='ltr'>nigra.</span> <span class='ocrx_word' id='word_1_9' title='bbox 725 301 1008 363; x_wconf 81' lang='lat' dir='ltr'><em>Aculeus</em></span> <span class='ocrx_word' id='word_1_10' title='bbox 1043 292 1374 357; x_wconf 73' lang='lat' dir='ltr'>abdomine</span> <span class='ocrx_word' id='word_1_11' title='bbox 1404 290 1659 354; x_wconf 85' lang='lat' dir='ltr'>brevior</span> <span class='ocrx_word' id='word_1_12' title='bbox 1693 301 1798 350; x_wconf 88' lang='lat' dir='ltr'>aut</span> 
     </span>
     <span class='ocr_line' id='line_1_3' title="bbox 34 398 768 485; baseline -0.013 -18"><span class='ocrx_word' id='word_1_13' title='bbox 34 405 168 467; x_wconf 85' lang='lat' dir='ltr'>fere</span> <span class='ocrx_word' id='word_1_14' title='bbox 193 402 329 485; x_wconf 89' lang='lat' dir='ltr'>ejus</span> <span class='ocrx_word' id='word_1_15' title='bbox 352 398 768 484; x_wconf 80' lang='lat' dir='ltr'>longitudine</span> 
     </span>
    </p>

    <p class='ocr_par' dir='ltr' id='par_1_3' title="bbox 36 491 1804 976">
     <span class='ocr_line' id='line_1_4' title="bbox 162 491 1801 578; baseline -0.01 -15"><span class='ocrx_word' id='word_1_16' title='bbox 162 500 459 563; x_wconf 82' lang='lat' dir='ltr'><strong>Feminae</strong></span> <span class='ocrx_word' id='word_1_17' title='bbox 486 498 846 569; x_wconf 86' lang='lat' dir='ltr'>nonnullae,</span> <span class='ocrx_word' id='word_1_18' title='bbox 893 494 1124 578; x_wconf 88' lang='lat' dir='ltr'>passim</span> <span class='ocrx_word' id='word_1_19' title='bbox 1149 491 1215 553; x_wconf 91' lang='lat' dir='ltr'>in</span> <span class='ocrx_word' id='word_1_20' title='bbox 1240 491 1500 562; x_wconf 60' lang='lat' dir='ltr'>Suesia,</span> <span class='ocrx_word' id='word_1_21' title='bbox 1533 509 1649 549; x_wconf 86' lang='lat' dir='ltr'>nec</span> <span class='ocrx_word' id='word_1_22' title='bbox 1676 509 1801 547; x_wconf 88' lang='lat' dir='ltr'>non</span> 
     </span>
     <span class='ocr_line' id='line_1_5' title="bbox 37 588 1803 675; baseline -0.009 -12"><span class='ocrx_word' id='word_1_23' title='bbox 37 602 202 671; x_wconf 74' lang='lat' dir='ltr'>eirca</span> <span class='ocrx_word' id='word_1_24' title='bbox 232 601 300 664; x_wconf 94' lang='lat' dir='ltr'><em>V</em></span> <span class='ocrx_word' id='word_1_25' title='bbox 299 598 718 670; x_wconf 80' lang='lat' dir='ltr'>zndobonam</span> <span class='ocrx_word' id='word_1_26' title='bbox 761 593 1174 675; x_wconf 79' lang='lat' dir='ltr'>Friburgum‚</span> <span class='ocrx_word' id='word_1_27' title='bbox 1218 588 1716 653; x_wconf 79' lang='lat' dir='ltr'>Sickerslzausen</span> <span class='ocrx_word' id='word_1_28' title='bbox 1739 599 1803 648; x_wconf 83' lang='lat' dir='ltr'>et-</span> 
     </span>
     <span class='ocr_line' id='line_1_6' title="bbox 36 687 1799 778; baseline -0.009 -16"><span class='ocrx_word' id='word_1_29' title='bbox 36 701 490 764; x_wconf 71' lang='lat' dir='ltr'>Hannoveram</span> <span class='ocrx_word' id='word_1_30' title='bbox 530 709 775 778; x_wconf 84' lang='lat' dir='ltr'>captae,</span> <span class='ocrx_word' id='word_1_31' title='bbox 821 715 1067 755; x_wconf 85' lang='lat' dir='ltr'>mecum</span> <span class='ocrx_word' id='word_1_32' title='bbox 1101 687 1598 751; x_wconf 79' lang='lat' dir='ltr'>communicatae</span> <span class='ocrx_word' id='word_1_33' title='bbox 1637 695 1799 746; x_wconf 83' lang='lat' dir='ltr'>sunt.</span> 
     </span>
     <span class='ocr_line' id='line_1_7' title="bbox 37 785 1804 876; baseline -0.011 -13"><span class='ocrx_word' id='word_1_34' title='bbox 37 795 402 863; x_wconf 82' lang='lat' dir='ltr'>Hartliebio</span> <span class='ocrx_word' id='word_1_35' title='bbox 456 808 617 856; x_wconf 90' lang='lat' dir='ltr'>teste</span> <span class='ocrx_word' id='word_1_36' title='bbox 675 794 829 856; x_wconf 87' lang='lat' dir='ltr'>haec</span> <span class='ocrx_word' id='word_1_37' title='bbox 886 791 1128 876; x_wconf 85' lang='lat' dir='ltr'>species</span> <span class='ocrx_word' id='word_1_38' title='bbox 1195 786 1489 872; x_wconf 84' lang='lat' dir='ltr'>prodibat</span> <span class='ocrx_word' id='word_1_39' title='bbox 1543 808 1577 848; x_wconf 89' lang='lat' dir='ltr'>e</span> <span class='ocrx_word' id='word_1_40' title='bbox 1632 785 1804 847; x_wconf 81' lang='lat' dir='ltr'>larva</span> 
     </span>
     <span class='ocr_line' id='line_1_8' title="bbox 38 898 734 976; baseline -0.01 -11"><span class='ocrx_word' id='word_1_41' title='bbox 38 901 336 965; x_wconf 82' lang='lat' dir='ltr'>Noctuae</span> <span class='ocrx_word' id='word_1_42' title='bbox 375 898 734 976; x_wconf 66' lang='lat' dir='ltr'>velligerae.</span> 
     </span>
    </p>
   </div>
   <div class='ocr_carea' id='block_1_3' title="bbox 35 1061 1812 1362">
    <p class='ocr_par' dir='ltr' id='par_1_4' title="bbox 35 1061 1812 1362">
     <span class='ocr_line' id='line_1_9' title="bbox 680 1061 1162 1124; baseline -0.015 0"><span class='ocrx_word' id='word_1_43' title='bbox 680 1066 740 1124; x_wconf 88' lang='lat' dir='ltr'><strong>V</strong></span> <span class='ocrx_word' id='word_1_44' title='bbox 754 1085 785 1122; x_wconf 91' lang='lat' dir='ltr'>a</span> <span class='ocrx_word' id='word_1_45' title='bbox 800 1061 863 1121; x_wconf 86' lang='lat' dir='ltr'>ri</span> <span class='ocrx_word' id='word_1_46' title='bbox 881 1083 914 1122; x_wconf 91' lang='lat' dir='ltr'>e</span> <span class='ocrx_word' id='word_1_47' title='bbox 928 1073 956 1120; x_wconf 95' lang='lat' dir='ltr'>t</span> <span class='ocrx_word' id='word_1_48' title='bbox 968 1082 1002 1120; x_wconf 90' lang='lat' dir='ltr'>a</span> <span class='ocrx_word' id='word_1_49' title='bbox 1015 1072 1041 1118; x_wconf 91' lang='lat' dir='ltr'>t</span> <span class='ocrx_word' id='word_1_50' title='bbox 1056 1081 1089 1119; x_wconf 92' lang='lat' dir='ltr'>e</span> <span class='ocrx_word' id='word_1_51' title='bbox 1108 1080 1131 1117; x_wconf 89' lang='lat' dir='ltr'>s</span> <span class='ocrx_word' id='word_1_52' title='bbox 1150 1085 1162 1117; x_wconf 77' lang='lat' dir='ltr'>z</span> 
     </span>
     <span class='ocr_line' id='line_1_10' title="bbox 175 1162 1812 1245; baseline -0.012 -2"><span class='ocrx_word' id='word_1_53' title='bbox 175 1187 226 1244; x_wconf 92' lang='lat'>1.</span> <span class='ocrx_word' id='word_1_54' title='bbox 276 1183 482 1241; x_wconf 70' lang='lat' dir='ltr'>Cooeis</span> <span class='ocrx_word' id='word_1_55' title='bbox 504 1190 566 1238; x_wconf 84' lang='lat' dir='ltr'>et</span> <span class='ocrx_word' id='word_1_56' title='bbox 597 1169 1111 1237; x_wconf 79' lang='lat' dir='ltr'>trochanteribus</span> <span class='ocrx_word' id='word_1_57' title='bbox 1138 1172 1294 1230; x_wconf 81' lang='lat' dir='ltr'>totis</span> <span class='ocrx_word' id='word_1_58' title='bbox 1319 1162 1498 1245; x_wconf 77' lang='lat' dir='ltr'>rufis,</span> <span class='ocrx_word' id='word_1_59' title='bbox 1523 1199 1609 1210; x_wconf 91' lang='lat'>——-</span> <span class='ocrx_word' id='word_1_60' title='bbox 1642 1164 1812 1226; x_wconf 86' lang='lat' dir='ltr'>Lon-</span> 
     </span>
     <span class='ocr_line' id='line_1_11' title="bbox 35 1263 1810 1362; baseline -0.012 -20"><span class='ocrx_word' id='word_1_61' title='bbox 35 1278 266 1362; x_wconf 80' lang='lat' dir='ltr'>gitudo</span> <span class='ocrx_word' id='word_1_62' title='bbox 292 1282 330 1342; x_wconf 87' lang='lat'>4</span> <span class='ocrx_word' id='word_1_63' title='bbox 353 1277 678 1338; x_wconf 83' lang='lat' dir='ltr'>linearum.</span> <span class='ocrx_word' id='word_1_64' title='bbox 713 1306 799 1317; x_wconf 89' lang='lat'>--</span> <span class='ocrx_word' id='word_1_65' title='bbox 834 1271 1096 1330; x_wconf 82' lang='lat' dir='ltr'>Caetera</span> <span class='ocrx_word' id='word_1_66' title='bbox 1126 1279 1193 1327; x_wconf 89' lang='lat' dir='ltr'>ut</span> <span class='ocrx_word' id='word_1_67' title='bbox 1218 1265 1285 1326; x_wconf 91' lang='lat' dir='ltr'>in</span> <span class='ocrx_word' id='word_1_68' title='bbox 1310 1264 1602 1349; x_wconf 85' lang='lat' dir='ltr'><strong>plurimis</strong></span> <span class='ocrx_word' id='word_1_69' title='bbox 1627 1263 1810 1325; x_wconf 84' lang='lat' dir='ltr'>femi-</span> 
     </span>
    </p>
   </div>
   <div class='ocr_carea' id='block_1_4' title="bbox 42 1375 1812 1640">
    <p class='ocr_par' dir='ltr' id='par_1_5' title="bbox 42 1375 1812 1640">
     <span class='ocr_line' id='line_1_12' title="bbox 42 1375 469 1459; baseline -0.012 -21"><span class='ocrx_word' id='word_1_70' title='bbox 42 1379 138 1439; x_wconf 86' lang='lat' dir='ltr'>nis</span> <span class='ocrx_word' id='word_1_71' title='bbox 163 1375 469 1459; x_wconf 81' lang='lat' dir='ltr'>genuinis,</span> 
     </span>
     <span class='ocr_line' id='line_1_13' title="bbox 167 1463 1812 1548; baseline -0.011 -10"><span class='ocrx_word' id='word_1_72' title='bbox 167 1476 377 1538; x_wconf 89' lang='lat' dir='ltr'>Unum</span> <span class='ocrx_word' id='word_1_73' title='bbox 409 1471 803 1534; x_wconf 76' lang='lat' dir='ltr'>individuum</span> <span class='ocrx_word' id='word_1_74' title='bbox 828 1469 1113 1548; x_wconf 82' lang='lat' dir='ltr'>Manger</span> <span class='ocrx_word' id='word_1_75' title='bbox 1142 1464 1315 1548; x_wconf 86' lang='lat' dir='ltr'>cepit</span> <span class='ocrx_word' id='word_1_76' title='bbox 1347 1463 1514 1525; x_wconf 79' lang='lat' dir='ltr'>cirea</span> <span class='ocrx_word' id='word_1_77' title='bbox 1554 1463 1812 1525; x_wconf 75' lang='lat' dir='ltr'>Warm-</span> 
     </span>
     <span class='ocr_line' id='line_1_14' title="bbox 44 1560 1699 1640; baseline -0.024 0"><span class='ocrx_word' id='word_1_78' title='bbox 44 1575 262 1640; x_wconf 80' lang='lat' dir='ltr'>brunn.</span> <span class='ocrx_word' id='word_1_79' title='bbox 1696 1560 1699 1561; x_wconf 69' lang='grc'>’</span> 
     </span>
    </p>
   </div>
   <div class='ocr_carea' id='block_1_5' title="bbox 45 1709 1817 2184">
    <p class='ocr_par' dir='ltr' id='par_1_6' title="bbox 45 1709 1814 1898">
     <span class='ocr_line' id='line_1_15' title="bbox 170 1709 1814 1803; baseline -0.008 -13"><span class='ocrx_word' id='word_1_80' title='bbox 170 1737 229 1791; x_wconf 80' lang='grc'>2.</span> <span class='ocrx_word' id='word_1_81' title='bbox 287 1730 495 1788; x_wconf 77' lang='lat' dir='ltr'>Coxis</span> <span class='ocrx_word' id='word_1_82' title='bbox 528 1730 683 1786; x_wconf 79' lang='lat' dir='ltr'>totis</span> <span class='ocrx_word' id='word_1_83' title='bbox 728 1727 944 1803; x_wconf 77' lang='lat' dir='ltr'>nigris,</span> <span class='ocrx_word' id='word_1_84' title='bbox 992 1754 1078 1764; x_wconf 90' lang='grc'>--</span> <span class='ocrx_word' id='word_1_85' title='bbox 1122 1714 1492 1797; x_wconf 80' lang='lat' dir='ltr'>Longitudo</span> <span class='ocrx_word' id='word_1_86' title='bbox 1544 1709 1814 1798; x_wconf 69' lang='lat'>672-7</span> 
     </span>
     <span class='ocr_line' id='line_1_16' title="bbox 45 1814 1809 1898; baseline -0.009 -10"><span class='ocrx_word' id='word_1_87' title='bbox 45 1829 372 1889; x_wconf 80' lang='lat' dir='ltr'>linearum.</span> <span class='ocrx_word' id='word_1_88' title='bbox 391 1860 477 1870; x_wconf 88' lang='lat'>——</span> <span class='ocrx_word' id='word_1_89' title='bbox 497 1825 757 1883; x_wconf 79' lang='lat' dir='ltr'>Caetera</span> <span class='ocrx_word' id='word_1_90' title='bbox 782 1821 1053 1881; x_wconf 88' lang='lat' dir='ltr'>feminae</span> <span class='ocrx_word' id='word_1_91' title='bbox 1078 1816 1383 1898; x_wconf 84' lang='lat' dir='ltr'>genuinae</span> <span class='ocrx_word' id='word_1_92' title='bbox 1409 1814 1809 1897; x_wconf 85' lang='lat' dir='ltr'>respondent.</span> 
     </span>
    </p>

    <p class='ocr_par' dir='ltr' id='par_1_7' title="bbox 49 1915 1817 2184">
     <span class='ocr_line' id='line_1_17' title="bbox 175 1915 1817 1991; baseline -0.005 -8"><span class='ocrx_word' id='word_1_93' title='bbox 175 1927 323 1983; x_wconf 91' lang='lat' dir='ltr'>Duo</span> <span class='ocrx_word' id='word_1_94' title='bbox 363 1922 710 1991; x_wconf 84' lang='lat' dir='ltr'>individua,</span> <span class='ocrx_word' id='word_1_95' title='bbox 761 1919 924 1978; x_wconf 84' lang='lat' dir='ltr'>circa</span> <span class='ocrx_word' id='word_1_96' title='bbox 961 1917 1410 1978; x_wconf 64' lang='lat' dir='ltr'>Herm-weram</span> <span class='ocrx_word' id='word_1_97' title='bbox 1439 1926 1503 1974; x_wconf 91' lang='lat' dir='ltr'>et</span> <span class='ocrx_word' id='word_1_98' title='bbox 1524 1915 1817 1975; x_wconf 79' lang='lat' dir='ltr'>Parisios</span> 
     </span>
     <span class='ocr_line' id='line_1_18' title="bbox 49 1998 1817 2105; baseline -0.007 -21"><span class='ocrx_word' id='word_1_99' title='bbox 49 2036 256 2105; x_wconf 85' lang='lat' dir='ltr'>capta,</span> <span class='ocrx_word' id='word_1_100' title='bbox 305 2018 678 2100; x_wconf 75' lang='lat' dir='ltr'>Hegewisclz</span> <span class='ocrx_word' id='word_1_101' title='bbox 723 2030 786 2079; x_wconf 88' lang='lat' dir='ltr'>et</span> <span class='ocrx_word' id='word_1_102' title='bbox 821 2017 1195 2078; x_wconf 81' lang='lat' dir='ltr'>Desmarest</span> <span class='ocrx_word' id='word_1_103' title='bbox 1239 2035 1487 2074; x_wconf 88' lang='lat' dir='ltr'>mecum</span> <span class='ocrx_word' id='word_1_104' title='bbox 1535 1998 1817 2072; x_wconf 66' lang='lat' dir='ltr'>commui-</span> 
     </span>
     <span class='ocr_line' id='line_1_19' title="bbox 51 2124 1467 2184; baseline -0.01 0"><span class='ocrx_word' id='word_1_105' title='bbox 51 2124 436 2184; x_wconf 78' lang='lat' dir='ltr'>nieaverunt.</span> <span class='ocrx_word' id='word_1_106' title='bbox 1465 2130 1467 2132; x_wconf 87' lang='grc'><strong><em>·</em></strong></span> 
     </span>
    </p>
   </div>
   <div class='ocr_carea' id='block_1_6' title="bbox 51 2280 1824 2854">
    <p class='ocr_par' dir='ltr' id='par_1_8' title="bbox 51 2280 1823 2665">
     <span class='ocr_line' id='line_1_20' title="bbox 180 2280 1819 2366; baseline -0.007 -11"><span class='ocrx_word' id='word_1_107' title='bbox 180 2299 234 2355; x_wconf 81' lang='lat'>3.</span> <span class='ocrx_word' id='word_1_108' title='bbox 281 2290 595 2354; x_wconf 71' lang='lat' dir='ltr'>Antemnis</span> <span class='ocrx_word' id='word_1_109' title='bbox 633 2291 785 2349; x_wconf 84' lang='lat' dir='ltr'>totis</span> <span class='ocrx_word' id='word_1_110' title='bbox 808 2289 1022 2366; x_wconf 79' lang='lat' dir='ltr'>nigris.</span> <span class='ocrx_word' id='word_1_111' title='bbox 1067 2317 1154 2328; x_wconf 90' lang='lat'>—-</span> <span class='ocrx_word' id='word_1_112' title='bbox 1196 2280 1567 2363; x_wconf 80' lang='lat' dir='ltr'>Longitudo</span> <span class='ocrx_word' id='word_1_113' title='bbox 1602 2281 1707 2363; x_wconf 58' lang='lat' dir='ltr'>4¹AE</span> <span class='ocrx_word' id='word_1_114' title='bbox 1734 2318 1819 2327; x_wconf 92' lang='lat'>-——</span> 
     </span>
     <span class='ocr_line' id='line_1_21' title="bbox 51 2382 1823 2468; baseline -0.006 -16"><span class='ocrx_word' id='word_1_115' title='bbox 51 2390 183 2452; x_wconf 85' lang='lat' dir='ltr'>fere</span> <span class='ocrx_word' id='word_1_116' title='bbox 209 2392 246 2452; x_wconf 85' lang='lat'>5</span> <span class='ocrx_word' id='word_1_117' title='bbox 270 2389 595 2449; x_wconf 70' lang='lat' dir='ltr'>linearum.</span> <span class='ocrx_word' id='word_1_118' title='bbox 685 2388 898 2468; x_wconf 78' lang='lat' dir='ltr'>Caput</span> <span class='ocrx_word' id='word_1_119' title='bbox 918 2396 1122 2444; x_wconf 88' lang='lat' dir='ltr'>totum</span> <span class='ocrx_word' id='word_1_120' title='bbox 1148 2382 1413 2467; x_wconf 81' lang='lat' dir='ltr'>nigrum.</span> <span class='ocrx_word' id='word_1_121' title='bbox 1484 2383 1823 2444; x_wconf 82' lang='lat' dir='ltr'>Antennae</span> 
     </span>
     <span class='ocr_line' id='line_1_22' title="bbox 54 2481 1820 2567; baseline -0.006 -18"><span class='ocrx_word' id='word_1_122' title='bbox 54 2489 322 2549; x_wconf 85' lang='lat' dir='ltr'>articulo</span> <span class='ocrx_word' id='word_1_123' title='bbox 354 2494 429 2549; x_wconf 88' lang='lat'>10</span> <span class='ocrx_word' id='word_1_124' title='bbox 455 2496 689 2567; x_wconf 88' lang='lat' dir='ltr'>puncto</span> <span class='ocrx_word' id='word_1_125' title='bbox 721 2481 1185 2544; x_wconf 86' lang='lat' dir='ltr'>obsoletissimo</span> <span class='ocrx_word' id='word_1_126' title='bbox 1213 2481 1375 2542; x_wconf 73' lang='lat' dir='ltr'>albo</span> <span class='ocrx_word' id='word_1_127' title='bbox 1426 2516 1512 2527; x_wconf 93' lang='lat'>-—-</span> <span class='ocrx_word' id='word_1_128' title='bbox 1557 2481 1820 2541; x_wconf 81' lang='lat' dir='ltr'>Caetera</span> 
     </span>
     <span class='ocr_line' id='line_1_23' title="bbox 55 2583 915 2665; baseline -0.008 -17"><span class='ocrx_word' id='word_1_129' title='bbox 55 2588 218 2648; x_wconf 87' lang='lat' dir='ltr'>sicut</span> <span class='ocrx_word' id='word_1_130' title='bbox 245 2587 310 2646; x_wconf 90' lang='lat' dir='ltr'>in</span> <span class='ocrx_word' id='word_1_131' title='bbox 334 2584 583 2646; x_wconf 87' lang='lat' dir='ltr'>feminis</span> <span class='ocrx_word' id='word_1_132' title='bbox 612 2583 915 2665; x_wconf 78' lang='lat' dir='ltr'>genuinis,</span> 
     </span>
    </p>

    <p class='ocr_par' dir='ltr' id='par_1_9' title="bbox 53 2678 1824 2854">
     <span class='ocr_line' id='line_1_24' title="bbox 180 2678 1824 2765; baseline -0.005 -18"><span class='ocrx_word' id='word_1_133' title='bbox 180 2687 380 2747; x_wconf 87' lang='lat' dir='ltr'>Unam</span> <span class='ocrx_word' id='word_1_134' title='bbox 429 2683 601 2765; x_wconf 85' lang='lat' dir='ltr'>cepit</span> <span class='ocrx_word' id='word_1_135' title='bbox 643 2681 938 2752; x_wconf 55' lang='lat' dir='ltr'>Richteffi</span> <span class='ocrx_word' id='word_1_136' title='bbox 980 2701 1193 2739; x_wconf 90' lang='lat' dir='ltr'>mense</span> <span class='ocrx_word' id='word_1_137' title='bbox 1238 2678 1407 2738; x_wconf 88' lang='lat' dir='ltr'>Iulio</span> <span class='ocrx_word' id='word_1_138' title='bbox 1451 2678 1617 2738; x_wconf 81' lang='lat' dir='ltr'>cirea</span> <span class='ocrx_word' id='word_1_139' title='bbox 1657 2679 1824 2749; x_wconf 54' lang='lat' dir='ltr'>Far-‘-</span> 
     </span>
     <span class='ocr_line' id='line_1_25' title="bbox 53 2776 1823 2854; baseline -0.007 -6"><span class='ocrx_word' id='word_1_140' title='bbox 53 2791 390 2854; x_wconf 82' lang='lat' dir='ltr'>stenstein;</span> <span class='ocrx_word' id='word_1_141' title='bbox 434 2784 582 2843; x_wconf 83' lang='lat' dir='ltr'>duas</span> <span class='ocrx_word' id='word_1_142' title='bbox 621 2779 700 2842; x_wconf 80' lang='lat' dir='ltr'>ab</span> <span class='ocrx_word' id='word_1_143' title='bbox 738 2777 1066 2840; x_wconf 78' lang='lat' dir='ltr'>Uechtritz</span> <span class='ocrx_word' id='word_1_144' title='bbox 1108 2798 1319 2836; x_wconf 89' lang='lat' dir='ltr'>mense</span> <span class='ocrx_word' id='word_1_145' title='bbox 1354 2776 1540 2836; x_wconf 90' lang='lat' dir='ltr'>Iunio</span> <span class='ocrx_word' id='word_1_146' title='bbox 1583 2776 1649 2836; x_wconf 94' lang='lat' dir='ltr'>in</span> <span class='ocrx_word' id='word_1_147' title='bbox 1685 2799 1823 2836; x_wconf 87' lang='lat' dir='ltr'>um-</span> 
     </span>
    </p>
   </div>
   <div class='ocr_carea' id='block_1_7' title="bbox 55 2872 1544 2956">
    <p class='ocr_par' dir='ltr' id='par_1_10' title="bbox 55 2872 1544 2956">
     <span class='ocr_line' id='line_1_26' title="bbox 55 2872 1544 2956; baseline -0.008 -11"><span class='ocrx_word' id='word_1_148' title='bbox 55 2885 308 2946; x_wconf 81' lang='lat' dir='ltr'>bellatis</span> <span class='ocrx_word' id='word_1_149' title='bbox 343 2883 505 2943; x_wconf 82' lang='lat' dir='ltr'>circa</span> <span class='ocrx_word' id='word_1_150' title='bbox 540 2884 629 2945; x_wconf 84' lang='lat' dir='ltr'><em>W</em></span> <span class='ocrx_word' id='word_1_151' title='bbox 626 2877 970 2941; x_wconf 79' lang='lat' dir='ltr'>armbrunn</span> <span class='ocrx_word' id='word_1_152' title='bbox 999 2887 1063 2936; x_wconf 87' lang='lat' dir='ltr'>et</span> <span class='ocrx_word' id='word_1_153' title='bbox 1088 2872 1544 2956; x_wconf 81' lang='lat' dir='ltr'>Meffersdorf</span> 
     </span>
    </p>
   </div>
   <div class='ocr_carea' id='block_1_8' title="bbox 61 3051 1826 3344">
    <p class='ocr_par' dir='ltr' id='par_1_11' title="bbox 61 3051 1826 3344">
     <span class='ocr_line' id='line_1_27' title="bbox 711 3051 1443 3130; baseline -0.01 -21"><span class='ocrx_word' id='word_1_154' title='bbox 711 3051 1174 3130; x_wconf 88' lang='lat' dir='ltr'>Synonyma:</span> <span class='ocrx_word' id='word_1_155' title='bbox 1441 3085 1443 3087; x_wconf 91' lang='lat'><em>-</em></span> 
     </span>
     <span class='ocr_line' id='line_1_28' title="bbox 61 3156 1822 3248; baseline -0.007 -21"><span class='ocrx_word' id='word_1_156' title='bbox 61 3165 238 3227; x_wconf 74' lang='lat' dir='ltr'><em>John.</em></span> <span class='ocrx_word' id='word_1_157' title='bbox 279 3185 546 3248; x_wconf 83' lang='lat' dir='ltr'>sponsor</span> <span class='ocrx_word' id='word_1_158' title='bbox 583 3163 761 3222; x_wconf 77' lang='lat' dir='ltr'>Fabr.</span> <span class='ocrx_word' id='word_1_159' title='bbox 807 3160 947 3220; x_wconf 90' lang='lat' dir='ltr'>Ent.</span> <span class='ocrx_word' id='word_1_160' title='bbox 977 3159 1056 3219; x_wconf 92' lang='grc' dir='ltr'>ΙΙ.</span> <span class='ocrx_word' id='word_1_161' title='bbox 1099 3179 1234 3241; x_wconf 88' lang='lat' dir='ltr'>pag.</span> <span class='ocrx_word' id='word_1_162' title='bbox 1270 3160 1417 3229; x_wconf 83' lang='lat'>153,</span> <span class='ocrx_word' id='word_1_163' title='bbox 1464 3180 1522 3218; x_wconf 90' lang='lat' dir='ltr'>n.</span> <span class='ocrx_word' id='word_1_164' title='bbox 1563 3162 1644 3220; x_wconf 83' lang='lat'>84</span> <span class='ocrx_word' id='word_1_165' title='bbox 1682 3156 1822 3237; x_wconf 82' lang='lat' dir='ltr'>(uhi</span> 
     </span>
     <span class='ocr_line' id='line_1_29' title="bbox 413 3254 1826 3344; baseline -0.003 -23"><span class='ocrx_word' id='word_1_166' title='bbox 413 3275 619 3324; x_wconf 81' lang='lat' dir='ltr'>autem</span> <span class='ocrx_word' id='word_1_167' title='bbox 655 3280 767 3344; x_wconf 85' lang='lat' dir='ltr'>pro</span> <span class='ocrx_word' id='word_1_168' title='bbox 806 3258 1140 3324; x_wconf 81' lang='lat' dir='ltr'>abdomine</span> <span class='ocrx_word' id='word_1_169' title='bbox 1163 3263 1348 3340; x_wconf 79' lang='lat' dir='ltr'>nigro</span> <span class='ocrx_word' id='word_1_170' title='bbox 1373 3254 1704 3341; x_wconf 87' lang='lat' dir='ltr'>legendum</span> <span class='ocrx_word' id='word_1_171' title='bbox 1732 3269 1826 3337; x_wconf 84' lang='lat' dir='ltr'>est</span> 
     </span>
    </p>
   </div>
  </div>
 </body>
</html>
